1653 2797
251 223 338 269 208
506 220 562 266 C.
611 220 876 265 PLINII
919 218 1299 268 SECUNDI

314 346 355 391 3.
389 326 754 373 Vermiculantur
774 327 913 390 magis
938 327 1143 374 minusve
1173 328 1398 392 quaedam,
1417 346 1521 378 om-

246 420 325 450 nes
358 415 506 447 tamen
526 399 644 445 fere:
674 399 807 462 idque
835 416 941 446 aves
969 400 1071 446 cavi
1091 401 1273 448 corticis
1307 401 1421 449 sono
1442 421 1523 450 ex—

244 476 496 539 periuntur.
525 474 617 521 Jam
646 472 827 536 quidem
845 474 895 519 &
921 473 1011 520 hoc
1040 473 1087 519 in
1117 474 1290 520 luxuria
1311 475 1401 521 effe·
1421 492 1519 522 coe-

240 548 347 610 pit:
382 544 744 610 praegrandesque
788 544 1009 590 roborum
1045 544 1305 591 delicatiore
1342 544 1442 591 sunt
1472 545 1519 592 in

243 622 378 669 cibo:
411 620 556 667 coffos
584 631 783 666 vocant:
821 632 951 680 atque
975 618 1107 663 etiam
1132 618 1275 664 farina
1307 618 1519 682 saginati,

242 696 291 743 hi
330 712 512 760 quoque
551 694 691 740 altiles
727 693 851 738 fiunt.
894 692 1088 738 Maxime
1122 706 1270 740 autem
1301 694 1518 741 arborum

242 770 334 814 hoc
359 767 553 814 sentiunt
587 767 672 829 piri
692 802 707 822 ,
735 765 868 822 mali,
900 764 1006 811 fici:
1040 764 1210 823 minus,
1233 781 1332 828 quae
1359 783 1518 813 amarae

239 840 339 886 sunt
365 842 414 887 &
450 841 665 886 odoratae.
686 841 855 884 Eorum
884 837 963 900 qui
989 837 1036 882 in
1062 836 1157 884 ficis
1190 837 1423 896 exsistunt,
1442 839 1516 886 alii

240 913 478 960 nascuntur
513 930 568 959 ex
604 911 704 974 ipsis
731 929 741 957 :
788 911 900 957 alios
936 911 1078 973 parit,
1109 911 1187 973 qui
1216 923 1410 957 vocatur
1439 928 1515 960 ce-

237 986 400 1033 rastes:
437 1000 593 1031 omnes
627 986 775 1030 tamen
817 983 865 1029 in
906 983 1098 1030 cerasten
1133 982 1408 1046 figurantur,
1437 984 1516 1030 so-
1550 1012 1553 1013 ν

235 1074 437 1121 numque
469 1057 606 1103 edunt
638 1055 816 1119 parvuli
844 1055 1057 1102 stridoris.
1099 1057 1155 1102 Et
1184 1055 1340 1104 sorbus
1378 1057 1512 1104 arbor
1570 1079 1574 1082 ·

235 1130 468 1178 infestatur
487 1130 748 1177 vermiculis
767 1129 871 1176 rufis
891 1132 942 1176 &
961 1129 1112 1191 pilofis
1125 1166 1139 1188 ,
1160 1143 1288 1193 atque
1311 1130 1371 1177 ita
1388 1147 1512 1176 emo-

235 1203 363 1250 ritur.
393 1202 604 1266 Mespilus
636 1220 818 1267 quoque
847 1202 894 1247 in
923 1201 1091 1249 senecta
1109 1203 1312 1249 obnoxia
1329 1202 1370 1249 ei
1388 1219 1513 1250 mor-

233 1275 295 1322 bo
321 1276 397 1322 est.

296 1365 341 1407 4.
372 1348 591 1395 Sideratio
622 1360 718 1396 tota
747 1366 770 1395 e
800 1347 912 1395 caelo
936 1347 1122 1394 constat.
1152 1349 1441 1412 Quapropter
1460 1351 1512 1398 &

232 1420 404 1482 grando
439 1421 487 1466 in
516 1421 583 1467 his
615 1421 748 1467 caulis
778 1419 968 1483 intelligi
1002 1420 1159 1466 debet:
1188 1421 1239 1467 δε
1261 1421 1510 1468 carbuncu-

230 1493 372 1550 latio,
422 1494 472 1539 &
510 1492 635 1555 quod
672 1492 932 1555 pruinarum
980 1490 1142 1549 injuria
1183 1492 1351 1539 evenit.
1398 1494 1510 1541 Haec

229 1565 349 1611 enim
383 1580 530 1609 verno
554 1576 709 1626 tepore
736 1564 937 1609 invitatis
955 1600 968 1619 ,
999 1566 1048 1611 δέ
1067 1581 1298 1626 erumpere
1337 1566 1507 1612 auden-

229 1637 348 1684 tibus
384 1636 482 1683 satis
525 1636 738 1683 mollibus
777 1636 970 1681 insidens
992 1671 1006 1692 ,
1044 1636 1189 1681 adurit
1226 1636 1506 1685 lactescentes

228 1709 478 1774 germinum
503 1709 691 1767 oculos,
713 1709 838 1771 quod
868 1707 913 1752 in
941 1707 1054 1753 flore
1082 1708 1400 1756 carbunculum
1418 1727 1504 1756 vo·

228 1795 344 1830 cant.
382 1782 556 1828 Pruinae
591 1780 888 1844 perniciosior
924 1795 1108 1836 natura,
1139 1781 1353 1842 quoniam
1389 1782 1505 1845 lapsa

229 1854 419 1918 perfidet
436 1890 451 1912 ,
481 1855 709 1918 gelatque,
737 1855 787 1899 ac
820 1869 874 1897 ne
903 1870 1009 1898 aura
1035 1852 1213 1915 quidem
1239 1853 1327 1900 ulla
1349 1854 1501 1917 depel—

229 1929 368 1986 litur,
399 1927 501 1991 quia
534 1944 630 1973 non
671 1925 721 1971 fit
757 1925 839 1971 nifi
875 1925 1067 1971 immoto
1099 1942 1197 1970 aere
1239 1927 1288 1973 &
1328 1926 1502 1976 sereno,

226 2001 467 2063 Proprium
485 2012 634 2046 tamen
656 1998 930 2044 siderationis
951 1997 1032 2055 est,
1053 1996 1130 2043 sub
1149 2010 1254 2044 ortu
1273 1999 1409 2045 Canis
1428 2000 1502 2047 fic·

227 2075 409 2121 citatum
430 2091 600 2136 vapor,
622 2091 722 2120 cum
751 2072 889 2119 insitae
914 2089 962 2118 ac
983 2071 1180 2118 novellae
1201 2072 1382 2119 arbores
1401 2090 1499 2120 mo-

226 2147 403 2193 riuntur
417 2182 430 2203 ,
449 2146 670 2208 praecipue
690 2144 798 2191 ficus
813 2181 827 2202 ,
852 2146 900 2191 &
920 2143 1049 2190 vites.
1083 2143 1197 2189 Olea
1220 2160 1380 2206 praeter
1398 2163 1499 2194 ver·

227 2208 589 2275 miculationem,
609 2235 741 2279 quam
774 2233 900 2280 aeque
935 2234 983 2262 ac
1006 2215 1113 2262 ficus
1142 2215 1295 2274 sentit,
1316 2218 1497 2265 clavum

226 2293 359 2339 etiam
387 2291 578 2354 patitur,
609 2290 701 2335 five
732 2289 917 2352 fungum
947 2289 1091 2350 placet
1115 2288 1229 2348 dici,
1253 2290 1330 2336 vel
1356 2290 1497 2353 patel-

227 2366 329 2413 lam.
374 2366 481 2411 Haec
526 2363 587 2409 est
628 2363 742 2408 Solis
782 2362 967 2409 exustio,
1004 2363 1182 2408 Nocere
1212 2363 1346 2409 tradit
1376 2365 1493 2410 Cato

228 2439 279 2484 δέ
310 2436 508 2483 muscum
539 2434 737 2481 rubrum.
771 2435 920 2480 Nocet
942 2435 1200 2497 plexumque
1230 2434 1396 2482 vitibus
1424 2446 1493 2480 at·-

229 2526 317 2572 que
351 2508 462 2555 oleis
498 2510 546 2556 &
589 2506 722 2553 nimia
766 2506 978 2553 fertilitas.
1021 2507 1195 2554 Scabies
1240 2506 1494 2556 communis
