1653 2797
264 146 1229 194 NATUR.HISTOR.L113.X1X.
1323 161 1417 212 349

135 253 248 317 {uria
278 254 404 302 laesae.
444 254 644 301 Maxime
671 269 876 300 concava
898 254 1000 300 sunt
1037 272 1201 318 caepae,
1230 254 1416 318 gethyo.

201 328 404 374 XXXIL
422 325 588 372 Allium
618 324 846 387 caepasque
866 325 982 372 inter
1009 328 1138 374 Deos
1170 327 1218 373 in
1245 326 1416 388 jureju—

137 400 277 446 rando
309 399 444 446 habet
473 398 709 461 AEgyptuS.
756 397 905 459 Caepae
934 414 1094 461 genera
1127 400 1243 462 apud
1282 401 1415 446 Grae-

135 483 237 519 cos':
260 471 411 518 Sardia
425 506 439 528 ‚
458 469 762 516 Samothracia
775 505 791 528 ‚
808 470 1012 516 Alfidena
1026 507 1039 528 ,
1064 472 1240 519 Setania
1255 509 1268 530 ,
1289 471 1417 518 Schi-

134 545 197 592 sta
213 583 226 604 ‚
246 545 505 602 Ascalonia,
525 544 579 590 ab
602 544 774 607 oppido
797 544 957 592 Judaeae
975 545 1220 592 nominata.
1247 545 1414 591 Omni-

133 619 217 665 bus
247 619 378 665 etiam
399 619 518 665 odor
543 617 825 677 lacrimosus,
855 619 906 665 &
937 617 1162 681 praecipue
1191 619 1377 683 Cypriis
1397 655 1412 678 ‚

132 691 317 738 minime
341 691 535 740 Gnidiis.
569 691 796 738 Omnibus
819 708 981 754 corpus
1005 703 1157 738 totum
1176 692 1413 755 pinguitu-

131 765 248 811 dinis
292 782 445 812 earum
482 765 753 829 cartilagine.
805 767 841 810 E
877 765 1046 812 cunffis
1086 764 1249 812 setania
1278 765 1414 810 mini-

131 854 234 896 ma,
262 850 450 901 excepta
475 838 750 895 Tusculana,
775 837 849 884 sed
879 838 1032 885 dulcis.
1065 838 1233 886 Schista
1262 849 1414 884 autem

132 914 183 958 &
210 911 448 959 Ascalonia
476 912 768 972 condiuntur.
808 911 1019 960 Schistam
1045 912 1190 958 hieme
1214 929 1316 959 cum
1334 927 1415 958 co-

131 1002 204 1030 ma
237 983 309 1031 sua
340 985 632 1049 relinquunt,
669 1003 776 1033 vere
810 985 921 1032 folia
950 985 1212 1044 detrahunt,
1251 987 1301 1033 &
1327 984 1414 1030 alia

129 1056 451 1105 subnascuntur
466 1059 619 1106 iisdem
637 1058 870 1107 divisuris:
891 1059 1008 1106 unde
1029 1060 1079 1106 &
1097 1075 1276 1105 nomen.
1306 1058 1412 1103 Hoc

129 1132 340 1194 exemplo
359 1133 542 1197 reliquis
569 1150 752 1197 quoque
774 1133 1010 1198 generibus
1031 1132 1202 1179 detrahi
1227 1131 1407 1194 jubent,

128 1216 181 1251 ut
198 1204 244 1250 in
265 1206 410 1268 capita
429 1206 628 1254 crescant
644 1207 795 1271 potius
810 1243 823 1264 ,
846 1224 979 1271 quam
1003 1206 1052 1252 in
1070 1206 1248 1252 semina.
1277 1204 1410 1251 Asca-

128 1277 356 1326 loniarum
382 1274 566 1344 propria
585 1292 754 1328 natura.
783 1280 961 1327 Etenim
978 1280 1106 1326 velut
1122 1278 1288 1325 steriles
1308 1277 1408 1325 sunt

128 1351 182 1397 ab
208 1352 356 1398 radice
374 1389 386 1411 ‚
413 1355 463 1401 &
488 1354 550 1399 ob
577 1354 623 1399 id
642 1353 805 1400 semine
835 1352 917 1399 seri
939 1352 1063 1410 illas,
1088 1369 1184 1398 non
1214 1349 1417 1412 deponi,.

125 1421 284 1485 juffere
312 1425 477 1473 Graeci.
513 1428 731 1472 Praeterea
758 1425 890 1473 serius
918 1425 1034 1472 circa
1059 1441 1167 1482 ver,
1188 1439 1288 1470 cum
1310 1438 1407 1485 ger-

127 1496 332 1556 minant,
365 1499 623 1547 transferri:
664 1501 724 1546 ita
757 1499 1010 1546 crassescere
1030 1535 1044 1557 ‚
1071 1499 1121 1544 &
1150 1509 1258 1543 tunc
1292 1512 1405 1558 pro-

124 1587 278 1633 perare
297 1573 511 1635 praeteriti
531 1574 747 1636 temporis
767 1572 1074 1635 pensitatione.
1096 1569 1407 1616 Festinandum
1455 1625 1458 1628 Δ

123 1660 272 1691 autem
304 1645 350 1691 in
384 1646 450 1693 his
482 1646 577 1704 est,
614 1646 833 1710 quoniam
866 1657 1053 1692 maturae
1086 1643 1289 1691 celeriter
1315 1660 1404 1705 pu-

124 1718 335 1767 trescunt.
363 1721 407 1767 Si
428 1721 714 1784 deponantur
728 1759 743 1779 ,
769 1721 941 1769 caulem
961 1719 1145 1766 mittunt
1161 1721 1210 1765 &
1229 1717 1377 1764 semen
1391 1753 1404 1775 ,

122 1792 316 1856 ipsaeque
343 1794 628 1843 evanescunt.
662 1795 736 1841 Est
756 1796 808 1842 &
832 1794 1042 1841 colorum
1064 1791 1320 1839 differentia.
1354 1794 1405 1837 In

123 1863 208 1910 Iffo
226 1864 345 1910 enim
361 1866 409 1911 &
422 1866 627 1913 Sardibus
645 1866 959 1913 candidiffimae
978 1863 1272 1928 proveniunt.
1290 1865 1406 1910 Sunt

123 1936 172 1981 in
191 1935 368 1983 honore
398 1938 448 1985 δε
468 1939 659 1985 Creticae
674 1975 687 1998 ‚
717 1939 771 1984 de
798 1938 957 2002 quibus
983 1936 1190 1983 dubitant
1206 1973 1220 1995 ‚
1243 1954 1298 1982 an
1319 1952 1404 1982 eae-

124 2010 225 2057 dem
256 2010 367 2070 sint,
401 2029 502 2076 quae
536 2013 785 2061 Ascaloniae
809 2049 822 2069 ‚
859 2013 1074 2076 quoniam
1118 2010 1217 2058 satis
1254 2010 1399 2073 capita

123 2082 416 2130 crassescunt:
453 2085 661 2148 depositis
682 2121 696 2144 ,
729 2084 874 2132 caules
911 2085 961 2131 δέ
996 2082 1175 2130 semina.
1218 2083 1400 2132 Distant

121 2152 278 2217 sapore
303 2167 476 2206 tantum
500 2157 635 2204 dulci.

187 2228 321 2289 Apud
351 2245 435 2275 nos
462 2231 553 2276 duo
579 2230 721 2293 prima
741 2247 913 2293 genera.
946 2232 1104 2278 Unum
1132 2227 1399 2275 condimen-

123 2300 244 2346 tariae
261 2337 277 2358 ,
314 2319 444 2364 quam
470 2303 535 2349 illi
561 2304 763 2368 gethyon
783 2340 794 2361 ‚
823 2303 963 2350 nostri
997 2302 1268 2366 pallacanam
1303 2317 1400 2350 vo*

121 2384 239 2419 cant.
273 2373 441 2420 Seritur
458 2376 677 2423 mensibus
693 2413 706 2435 ,
729 2376 894 2423 Martio
912 2413 929 2434 ,
948 2376 1120 2439 Aprili,
1150 2374 1288 2436 Maio.
1316 2373 1396 2419 Al·-

123 2460 269 2497 terum
293 2447 496 2514 capitatae
511 2485 525 2508 ,
559 2467 659 2514 quae
686 2450 742 2498 ab
766 2450 1039 2515 aequinoffio
1061 2448 1291 2507 autumni,
1325 2447 1401 2497 vel
