1653 2797
240 236 515 284 NATUR.
550 234 851 282 HISTOR.
887 235 1014 282 LIB.
1049 234 1231 281 XVII.
1301 245 1393 297 219

114 355 243 391 aceto
272 343 474 408 aspergi,
500 340 701 405 ipsasque
734 339 879 398 illini,
916 354 992 388 aut
1027 341 1294 391 sandaracha
1315 377 1329 399 ,
1358 341 1392 387 fi

111 415 336 478 putrescat
352 432 456 463 uva.
484 414 529 459 Si
554 429 669 459 vero
698 411 863 458 fertiles
885 429 979 459 non
1003 413 1131 473 sunt,
1153 428 1283 462 aceto
1302 412 1396 461 acri

110 487 290 536 subacto
324 487 473 534 cinere
505 486 636 549 rigari
664 498 796 550 atque
827 485 983 532 oblini.
1031 488 1174 546 Quod
1203 487 1234 534 fi
1268 486 1392 534 fruc·-

108 574 205 609 tum
235 577 331 608 non
363 572 614 619 maturent,
646 561 768 623 prius
803 559 1123 606 inarescentem
1141 596 1154 617 ,
1184 560 1390 623 praecisa-

109 650 209 679 rum
238 632 293 679 ad
322 633 490 680 radices
526 633 728 695 plagam,
761 631 1007 695 fibrasque,
1041 643 1171 678 aceto
1209 633 1301 679 acri
1340 635 1390 680 &

109 706 238 751 urina
261 706 435 752 vetusta
458 705 759 763 madefacere,
790 717 923 768 atque
949 721 1005 752 eo
1040 705 1140 750 luto
1174 705 1394 762 obruere,

107 775 222 839 saepe
241 775 410 823 fodere.
443 775 683 833 Olearium
704 777 735 822 si
758 793 914 838 parum
936 776 1180 839 promisere
1200 776 1393 834 fructus,

109 848 294 894 nudatas
323 847 493 894 radices
526 848 717 894 hiberno
747 848 907 911 frigori
941 861 1217 911 opponunt,
1253 865 1391 912 eaque
1444 869 1447 871 >

107 921 393 984 castigatione
419 919 676 983 proficiunt.
706 920 875 966 Omnia
898 921 996 970 haec
1021 938 1171 967 annua
1199 921 1296 969 caeli
1316 938 1390 967 ra-

106 994 233 1042 tione
256 993 486 1042 constant:
508 996 558 1041 &
577 994 819 1057 aliquando
852 993 989 1040 serius
1008 993 1254 1056 poscuntur
1269 1029 1283 1050 ,
1303 994 1387 1039 ali-

108 1067 290 1130 quando
329 1065 529 1112 celerius.
573 1068 670 1115 Nec
704 1083 800 1112 non
835 1066 950 1130 ignis
985 1067 1151 1130 aliquid
1182 1067 1389 1131 prodest,

103 1153 154 1186 ut
185 1139 422 1186 arundini:
460 1138 660 1187 ambusta
694 1155 885 1202 namque
928 1138 1107 1185 densior
1142 1139 1388 1203 mitiorque

104 1211 255 1276 surgit.

168 1286 288 1331 Cato
307 1286 358 1332 &
383 1284 706 1331 medicamenta
737 1285 943 1348 quaedam
977 1285 1239 1348 componit,
1261 1301 1390 1331 men-

70 1358 216 1406 ·5surae
256 1374 441 1421 quoque
479 1357 793 1417 distinctione,
832 1360 886 1405 ad
921 1359 1144 1420 majorum
1174 1359 1389 1405 arborum

100 1432 272 1479 radices
302 1431 565 1494 amphoram
585 1467 598 1488 ,
636 1431 690 1478 ad
712 1432 944 1478 minorum
978 1449 1136 1479 urnam
1166 1448 1389 1488 amurcae,

104 1505 155 1552 &
175 1521 299 1567 aquae
330 1503 592 1567 portionem
621 1520 824 1566 aequam,
857 1503 1129 1567 ablaqueatis
1164 1503 1285 1565 prius
1318 1519 1390 1548 ra-

102 1577 277 1625 dicibus
311 1575 520 1640 paulatim
553 1574 723 1622 affundi
750 1573 923 1636 jubenS.
960 1578 1009 1622 In
1037 1575 1138 1622 olea
1169 1575 1258 1621 hoc
1287 1592 1385 1621 am-

99 1652 242 1716 plius,
282 1651 531 1697 stramentis
568 1661 698 1696 antea
730 1649 1087 1713 circumpositis:
1134 1649 1242 1696 item
1277 1648 1382 1697 fico.

100 1726 243 1788 Hujus
267 1725 492 1789 praecipue
523 1741 630 1772 vere
660 1736 824 1771 terram
851 1724 1105 1788 adaggerari
1137 1724 1383 1771 radicibus:

100 1798 162 1845 ita
181 1798 403 1856 futurum,
431 1809 482 1844 ut
502 1814 598 1844 non
628 1797 836 1845 decidant
853 1798 986 1861 groffi
999 1833 1011 1855 ,
1031 1796 1264 1861 majorque
1290 1797 1380 1844 foe-

103 1872 308 1919 cunditas
327 1908 341 1929 ,
375 1887 457 1918 nec
486 1870 635 1917 scabra
663 1871 918 1934 proveniat.
952 1870 1095 1916 Simili
1128 1870 1271 1915 modo
1289 1907 1302 1929 ,
1327 1888 1382 1917 ne

104 1944 416 1992 convolvulus
434 1942 510 1989 fiat
545 1943 590 1989 in
624 1944 783 2002 vinea,
817 1961 1009 1990 amurcae
1041 1943 1231 2006 congios
1267 1944 1384 1990 duos

104 2018 298 2082 decoqui
339 2018 387 2064 in
421 2018 749 2065 craffitudinem
795 2019 967 2065 mellis:
1005 2017 1240 2081 rursusque
1276 2036 1382 2065 cum

103 2091 333 2140 bituminis
365 2090 492 2139 tertia
518 2104 643 2154 parte
660 2127 673 2149 ,
698 2093 747 2139 &
775 2091 995 2155 sulphuris
1023 2105 1180 2157 quarta
1203 2091 1282 2138 sub
1303 2092 1383 2138 dio

104 2164 275 2227 coqui,
303 2163 519 2227 quoniam
555 2164 808 2212 exardescat
835 2165 912 2211 sub
946 2166 1081 2212 tecto.
1126 2167 1230 2213 Hoc
1265 2165 1382 2212 vites

105 2238 222 2284 circa
245 2236 386 2299 capita
414 2254 465 2283 ac
490 2236 570 2283 sub
592 2236 784 2284 brachiis
803 2239 935 2303 ungi:
959 2239 1021 2285 ita
1039 2256 1136 2286 non
1154 2238 1252 2285 fore
1271 2256 1382 2285 con-

103 2309 364 2357 volvolum.
395 2309 593 2370 Quidam
616 2313 819 2358 contenti
841 2311 940 2359 sunt
961 2311 1090 2359 fumo
1111 2311 1241 2374 hujus
1262 2313 1379 2358 mix-

103 2398 213 2429 turae
245 2380 390 2427 suffire
412 2381 567 2429 vineas
585 2382 780 2430 secundo
801 2384 936 2441 flatu,
962 2385 1184 2432 continuo
1210 2384 1377 2431 triduo.

102 2452 307 2515 Plerique
334 2468 427 2497 non
452 2452 598 2500 minus
628 2454 782 2500 auxilii
810 2456 860 2502 &
888 2454 1087 2501 alimenti
1109 2452 1378 2501 arbitrantur

103 2526 149 2571 in
182 2527 338 2583 urina,
380 2543 514 2590 quam
550 2528 668 2574 Cato
713 2528 759 2575 in
793 2546 971 2576 amurca
992 2564 1005 2586 ,
1047 2528 1192 2575 addita
1233 2530 1375 2574 modo
