1653 2797
215 201 306 260 246
469 199 819 246 C.PL1N11
869 199 1279 248 SECUNDI'

213 309 285 365 sa,
317 307 625 355 candidiorem
671 307 937 353 medullam:
975 325 1134 354 verum
1167 309 1266 371 plus
1301 309 1498 358 retinent

213 384 260 428 in
281 381 463 429 furfure.
496 382 698 429 Farinam
724 398 747 427 a
768 380 881 428 farre
904 381 1064 428 diuam
1094 382 1283 430 nomine
1301 383 1398 446 ipso
1418 396 1498 447 ap-

213 466 349 517 paret.
379 453 601 517 Siligineae
632 452 785 499 farinae
804 452 982 500 modius
1015 453 1203 500 Gallicae
1224 469 1341 502 XXII
1365 455 1498 503 libras

212 525 338 588 panis
372 525 514 571 reddit
530 561 547 586 „
576 524 741 570 Italicae
780 523 948 570 duabus
991 524 1190 572 tribusve
1222 526 1412 589 amplius
1450 527 1497 574 in

211 600 456 663 artopticio
482 615 610 662 pane.
644 600 760 645 Nam
795 596 1020 661 furnaceis
1053 598 1180 647 binas
1203 599 1423 663 adjiciunt
1441 600 1499 648 li-

213 673 311 719 bras
339 672 387 718 in
415 688 691 737 quocunque
726 685 902 734 genere.

283 763 322 792 2.
348 746 561 808 Similago
594 761 649 790 ex
680 742 834 789 tritico
868 740 919 787 fit
943 740 1243 792 laudatiffima.
1278 749 1346 792 Ex
1374 745 1500 792 Afri-

215 828 273 866 co
301 817 463 879 justum
491 817 562 864 est
581 833 605 862 e
637 815 802 862 modiis
827 814 971 861 redire
998 815 1221 864 semodios
1242 855 1256 876 ‚
1289 822 1339 868 &
1358 821 1499 882 polli-

215 891 285 938 nis
313 890 530 937 sextarios
559 889 773 954 quinque.
806 891 870 936 Ita
903 900 1050 937 autem
1082 891 1308 954 appellant
1339 892 1385 938 in
1415 893 1499 939 tri-

215 966 308 1013 tico
326 1001 339 1021 ‚
369 964 494 1028 quod
517 963 678 1010 florem
709 964 756 1009 in
786 963 971 1027 siligine.
1010 966 1114 1013 Hoc
1147 966 1313 1012 aerariae
1349 966 1500 1013 offici-

215 1054 286 1084 nae
312 1035 633 1100 chartariaeque
653 1047 854 1082 utuntur.
883 1037 1102 1084 Praeterea
1132 1037 1382 1085 secundarii
1402 1038 1504 1085 sex-

216 1109 356 1157 tarios
383 1120 602 1172 quatuor,
625 1107 937 1172 furfurumque
963 1111 1240 1157 tantundem.
1271 1111 1400 1158 Panis
1419 1129 1504 1159 ve-

218 1200 273 1230 ro
294 1200 317 1230 e
335 1183 493 1229 modio
512 1181 767 1245 similaginis
785 1194 962 1239 CXXII,
977 1199 1000 1228 e
1017 1182 1144 1230 floris
1162 1184 1321 1231 modio
1339 1199 1504 1233 CXVII.

217 1258 414 1304 Pretium
444 1256 549 1303 huic
569 1271 751 1302 annona
785 1255 930 1301 media
959 1254 1210 1303 in'modios
1231 1256 1413 1315 farinae,
1436 1270 1503 1303 XL

218 1329 351 1375 affes:
383 1326 619 1391 similagini
654 1327 848 1374 castratae
881 1327 1059 1374 ostonis
1089 1329 1248 1375 affibus
1278 1330 1467 1392 amplius
1488 1363 1504 1387 ‚

218 1400 382 1463 siligini
410 1400 605 1447 castratae
630 1399 828 1462 duplum.
862 1399 934 1445 Est
959 1401 1008 1447 &
1035 1400 1118 1446 alia
1149 1400 1373 1448 distinetio
1389 1437 1405 1458 ,
1434 1400 1505 1448 se-

223 1471 314 1516 mel
348 1482 552 1531 tempore
605 1472 653 1516 L.
690 1470 831 1516 Paulli
863 1481 991 1528 nata,
1024 1485 1140 1517 XVII
1179 1473 1339 1535 pondo
1381 1473 1508 1535 panis

223 1544 407 1590 reddere
437 1543 565 1600 visa,
593 1558 744 1590 XVIII.
776 1544 931 1592 Tertia
969 1559 1066 1592 XIX
1095 1563 1198 1593 cum
1232 1547 1424 1594 triente:
1455 1549 1507 1596 &

221 1615 469 1662 secundarii
501 1614 628 1678 panis
657 1617 814 1678 quinas
844 1616 1022 1663 selibras
1042 1653 1056 1675 ‚
1095 1619 1286 1666 totidem
1319 1620 1505 1679 cibarii,

219 1690 272 1742 &
306 1687 531 1735 furfurum
565 1687 779 1734 sextarios
812 1687 902 1736 sex.

293 1777 334 1821 3.
361 1760 501 1824 siligo
526 1777 759 1823 nunquam
796 1759 1050 1809 maturescit
1079 1760 1272 1823 pariter,
1300 1778 1384 1810 nec
1415 1761 1507 1809 ulla

222 1833 420 1896 segetum
448 1833 594 1879 minus
627 1831 889 1878 dilationem
921 1832 1117 1895 patitur,
1154 1844 1344 1895 propter
1377 1845 1507 1881 tene-

221 1908 430 1965 ritatem,
464 1907 516 1954 iis
545 1925 647 1971 quae
676 1918 956 1964 maturuere,
985 1905 1195 1969 protinus
1216 1923 1404 1970 granum
1436 1908 1506 1953 di-

223 1982 520 2034 mittentibus.
549 1981 635 2027 Sed
655 1980 831 2041 minus,
853 1998 986 2044 quam
1006 1992 1154 2027 cetera
1177 1979 1402 2028 frumenta
1417 2017 1432 2040 ‚
1456 1982 1506 2028 in

221 2055 381 2118 stipula
416 2055 723 2118 periclitatur,
757 2055 974 2120 quoniam
1010 2053 1182 2117 semper
1217 2056 1379 2102 restam
1421 2056 1506 2102 ha-

220 2126 300 2178 het
326 2125 523 2188 spicam:
558 2131 647 2174 'nec
680 2143 832 2174 rorem
863 2126 1102 2185 continet,
1139 2126 1219 2190 qui
1251 2127 1506 2192 rubiginem

222 2198 374 2247 faciat.

288 2292 332 2333 4.
368 2276 437 2320 Ex
475 2273 624 2320 arinca
660 2274 929 2322 dulciffimus
968 2273 1128 2337 panis·
1167 2274 1259 2338 ipsa
1299 2274 1506 2339 spiffior‚

224 2363 360 2409 quam
392 2345 488 2404 far,
518 2347 569 2393 &
598 2338 744 2424 major
768 2345 915 2408 spica,
938 2346 1091 2392 eadem
1122 2349 1172 2395 &
1194 2346 1506 2409 ponderosior.

222 2416 346 2464 Raro
382 2381 560 2464 modius
591 2417 716 2481 grani
753 2427 850 2463 non
881 2432 975 2467 XVI
1013 2418 1142 2465 libras
1175 2418 1343 2498 implet.
1372 2420 1507 2464 Exte-

221 2490 336 2538 ritur
362 2491 409 2538 in
436 2490 614 2540 Graecia
634 2490 900 2538 difficulter.
936 2491 997 2538 ob
1029 2491 1075 2539 id
1097 2490 1307 2554 jumentis
1335 2489 1430 2537 dari
1448 2490 1504 2537 ab
