1653 2797
245 163 521 212 NATUR.
551 161 861 211 HISTOR.
898 164 1035 214 LIB.
1076 162 1235 216 XVI.
1325 181 1405 233 113

125 272 323 320 novellis
350 272 588 336 copiosius⁸
622 266 870 319 Celerrime
904 286 1018 321 vero
1043 273 1226 325 senescit
1244 313 1257 336 ‚
1292 273 1409 324 &in

124 344 295 392 seneffia
321 345 591 392 deteriorem
615 343 810 390 fruilum
839 345 983 408 gignit
1012 348 1184 395 malus:
1214 366 1410 413 namque

123 419 175 466 δέ
203 420 381 466 minora
419 433 555 479 poma
585 416 902 478 proveniunt,
937 421 987 464 &
1022 422 1285 475 vermiculis
1322 424 1409 469 ob·-

123 492 275 537 noxia.
306 488 433 550 Quin
453 490 503 535 &
524 488 571 535 in
590 488 683 551 ipsa
703 489 865 536 arbore
886 488 1137 538 nascuntur.
1165 494 1293 542 Ficus
1313 494 1409 542 sola

123 578 179 607 ex
213 561 418 608 omnium
447 560 665 607 arborum
691 561 832 620 foetu,
864 562 1129 609 maturitatis
1158 567 1287 613 causa
1311 584 1409 614 mea

120 635 320 682 dicatur:
353 632 440 697 jam
472 634 653 698 quidem
684 652 741 682 ex
770 635 994 698 portentis
1014 667 1027 693 ,
1062 638 1280 700 quoniam
1305 658 1404 687 ma·-

114 703 216 771 j0ra
247 705 347 753 sunt
384 707 524 770 pretia
558 707 855 771 praeposteris.
897 709 1068 755 Omnia
1101 721 1248 756 autem
1287 712 1406 758 cele-2

114 779 210 826 rius
234 778 465 827 senescunt
493 780 819 843 praefoecunda.
856 781 984 842 Quin
1005 783 1054 829 &
1073 783 1281 846 protinus
1306 803 1406 832 mo-

116 853 293 900 riuntur
316 852 489 917 aliqua,
526 853 639 900 caelo
667 853 1011 902 foecunditatem
1041 872 1224 904 omnem
1252 859 1407 906 eblan-³

117 926 247 972 dito:
278 925 405 989 quod
433 925 628 971 maxime
662 925 834 973 vitibus
869 925 1039 972 evenit0
1089 927 1266 975 Contra
1300 947 1406 977 mof-

116 1013 190 1043 rus
227 997 465 1044 tardiffime
510 996 725 1053 senescit‚
764 997 910 1043 suffitu
950 997 1136 1044 minime
1178 999 1404 1049 laborans.

118 1068 267 1116 Tarde
295 1070 345 1116 &
377 1072 574 1131 quorum
611 1068 755 1131 crispa
787 1067 1024 1114 materies:
1060 1079 1110 1114 ut
1143 1085 1276 1129 acer,
1305 1073 1404 1134 pal-

116 1161 216 1201 ma,
251 1141 461 1206 populus.
496 1145 552 1188 Et
576 1142 778 1189 subarata
812 1142 943 1190 ocius
982 1142 1224 1191 senescunt,
1260 1146 1403 1193 Silve⁶

118 1215 219 1262 stria
240 1228 387 1262 autem
418 1215 667 1262 tardiffime.
692 1218 840 1280 Atque
862 1216 907 1262 in
929 1228 1076 1263 totum
1094 1253 1107 1273 ‚
1129 1218 1276 1264 omnis
1296 1237 1405 1267 cura

115 1287 389 1335 fertilitatem
408 1288 560 1349 adjicit
575 1324 588 1346 9
609 1288 810 1335 fertilitas
831 1287 1047 1335 senesiam
1067 1308 1076 1335 z
1100 1290 1202 1337 ideo
1223 1293 1272 1338 ὃς
1290 1309 1403 1354 prae-

115 1361 281 1409 florent
303 1361 423 1419 talia,
440 1363 488 1408 &
504 1360 850 1424 praegerminant
864 1397 877 1419 ,
898 1373 1029 1424 atque
1047 1361 1094 1406 in
1117 1373 1267 1408 totum
1287 1379 1400 1426 prae-

113 1435 242 1482 cocia
265 1433 407 1480 fiunt:
437 1434 651 1498 quoniam
681 1434 829 1480 omnis
859 1431 1093 1479 infirmitas
1120 1434 1233 1480 caelo
1255 1437 1397 1500 magis

113 1506 317 1552 obnoxia
350 1505 425 1552 est.

176 1581 262 1626 LII.
296 1579 452 1625 Multae
488 1592 603 1626 vero
635 1579 763 1642 plura
794 1576 1007 1643 gignunt,
1039 1591 1089 1626 ut
1118 1574 1312 1629 diximus
1347 1582 1396 1629 in

110 1650 395 1717 glandiferis:
428 1651 543 1698 inter
563 1668 670 1716 quas
702 1652 850 1700 laurus
887 1670 998 1700 uvas
1027 1653 1145 1700 suas:
1174 1655 1396 1702 maxime--

110 1742 198 1790 que
226 1723 414 1783 sterilis,
444 1742 546 1789 quae
583 1742 678 1772 non
715 1726 857 1790 gignit
893 1726 1034 1772 aliud:
1069 1727 1131 1773 ob
1160 1727 1205 1773 id
1239 1745 1263 1774 a
1291 1730 1407 1792 qui-·

91 1797 291 1845 'busdam
320 1815 412 1845 mas
447 1798 736 1846 existimatur.
770 1802 935 1845 Ferunt
964 1801 1013 1847 &
1034 1799 1252 1846 avellanae
1272 1790 1395 1851 iulos

109 1871 364 1934 compaffili
378 1871 494 1918 callo
505 1907 519 1929 ,
531 1872 584 1918 ad
597 1871 710 1917 nihil
727 1871 871 1919 utiles,
889 1871 1083 1918 Plurima
1099 1889 1212 1919 vero
1230 1873 1392 1923 buxus,

109 1945 228 1991 Nam
261 1945 311 1990 &
331 1943 479 1990 semen
504 1944 656 2003 suum,
684 1947 736 1993 &
765 1962 979 2010 granum,
1001 1945 1126 2009 quo-d
1155 1959 1392 2012 crataegum

107 2030 304 2078 vocant,
335 2020 386 2067 &
415 2037 438 2065 a
465 2019 780 2082 septemtrione
802 2019 976 2067 viscum
991 2056 1006 2077 ‚
1036 2037 1060 2066 a
1086 2021 1271 2068 meridie
1297 2023 1390 2087 hy-

105 2091 269 2154 phear:
303 2092 357 2139 de
391 2091 551 2156 quibus
587 2092 714 2155 plura
748 2109 859 2139 mox
891 2092 1039 2155 paulo.
1070 2093 1391 2159 Interdumque

107 2165 274 2228 pariter
302 2182 370 2212 res
403 2178 642 2229 quaternas
676 2165 856 2212 habent.

171 2241 278 2285 LIII.
313 2238 514 2286 Arbores
548 2239 749 2304 quaedam
781 2238 1029 2302 simplices,
1070 2239 1232 2303 quibus
1266 2258 1290 2287 a
1315 2258 1391 2287 ra-

106 2313 205 2360 dice
238 2313 406 2359 caudex
439 2329 582 2360 nnus:
621 2314 671 2360 &
696 2313 806 2360 rami
835 2312 1117 2376 frequentes,
1151 2328 1202 2360 ut
1220 2313 1389 2371 olivae,

106 2384 195 2433 fico
213 2422 227 2444 ,
258 2385 357 2433 viti.
378 2386 598 2446 Quaedam
628 2386 831 2433 fruticosi
855 2386 1055 2450 generis,
1088 2398 1137 2431 ut
1164 2385 1389 2447 paliurus,

106 2471 303 2524 myrtus:
334 2459 440 2505 item
461 2475 553 2504 nux
581 2459 809 2508 avellana:
827 2459 938 2523 quin
958 2459 1098 2504 immo
1120 2458 1282 2506 melior
1302 2459 1388 2519 est,

168 2534 213 2578 C.
235 2534 357 2579 Ῥίὶη.
388 2535 485 2579 Vol.
515 2534 600 2579 ΙΙΙ.
799 2532 825 2557 *
1089 2531 1131 2575 H
