<?xml version="1.0" encoding="UTF-8"?>
<!DOCTYPE html PUBLIC "-//W3C//DTD XHTML 1.0 Transitional//EN"
    "http://www.w3.org/TR/xhtml1/DTD/xhtml1-transitional.dtd">
<html xmlns="http://www.w3.org/1999/xhtml" xml:lang="en" lang="en">
 <head>
  <title>
</title>
<meta http-equiv="Content-Type" content="text/html;charset=utf-8" />
  <meta name='ocr-system' content='tesseract 3.04.00' />
  <meta name='ocr-capabilities' content='ocr_page ocr_carea ocr_par ocr_line ocrx_word'/>
</head>
<body>
  <div class='ocr_page' id='page_1' title='image "./caiipliniisecund03plinuoft_0151.png"; bbox 0 0 1653 2797; ppageno 0'>
   <div class='ocr_carea' id='block_1_1' title="bbox 230 173 1381 244">
    <p class='ocr_par' dir='ltr' id='par_1_1' title="bbox 230 173 1381 244">
     <span class='ocr_line' id='line_1_1' title="bbox 230 173 1381 244; baseline 0.004 -22"><span class='ocrx_word' id='word_1_1' title='bbox 230 174 499 225; x_wconf 69' lang='lat' dir='ltr'><strong>NATUR.</strong></span> <span class='ocrx_word' id='word_1_2' title='bbox 537 173 826 222; x_wconf 79' lang='lat' dir='ltr'>HisToR.</span> <span class='ocrx_word' id='word_1_3' title='bbox 866 176 1172 226; x_wconf 80' lang='lat' dir='ltr'>L1B.xv1.</span> <span class='ocrx_word' id='word_1_4' title='bbox 1299 195 1381 244; x_wconf 81' lang='lat'>145</span> 
     </span>
    </p>
   </div>
   <div class='ocr_carea' id='block_1_2' title="bbox 104 275 1401 2554">
    <p class='ocr_par' dir='ltr' id='par_1_2' title="bbox 104 275 1394 1013">
     <span class='ocr_line' id='line_1_2' title="bbox 104 275 1389 352; baseline 0.004 -22"><span class='ocrx_word' id='word_1_5' title='bbox 104 294 198 343; x_wconf 85' lang='lat' dir='ltr'>tus,</span> <span class='ocrx_word' id='word_1_6' title='bbox 225 296 391 349; x_wconf 83' lang='lat' dir='ltr'>negant</span> <span class='ocrx_word' id='word_1_7' title='bbox 416 275 584 330; x_wconf 81' lang='lat' dir='ltr'>durare.</span> <span class='ocrx_word' id='word_1_8' title='bbox 610 284 673 327; x_wconf 88' lang='lat' dir='ltr'>Ea</span> <span class='ocrx_word' id='word_1_9' title='bbox 700 281 908 328; x_wconf 90' lang='lat' dir='ltr'>medendi</span> <span class='ocrx_word' id='word_1_10' title='bbox 938 285 1081 346; x_wconf 86' lang='lat' dir='ltr'>ratio,</span> <span class='ocrx_word' id='word_1_11' title='bbox 1102 285 1259 334; x_wconf 75' lang='lat' dir='ltr'>aestatis</span> <span class='ocrx_word' id='word_1_12' title='bbox 1276 304 1389 352; x_wconf 81' lang='lat' dir='ltr'>qua—</span> 
     </span>
     <span class='ocr_line' id='line_1_3' title="bbox 105 352 1390 421; baseline 0.005 -19"><span class='ocrx_word' id='word_1_13' title='bbox 105 357 310 421; x_wconf 82' lang='lat' dir='ltr'>dragenis</span> <span class='ocrx_word' id='word_1_14' title='bbox 333 355 498 402; x_wconf 74' lang='lat' dir='ltr'>diebus.</span> <span class='ocrx_word' id='word_1_15' title='bbox 531 352 765 416; x_wconf 86' lang='lat' dir='ltr'>Adjiciunt</span> <span class='ocrx_word' id='word_1_16' title='bbox 798 353 1056 416; x_wconf 84' lang='lat' dir='ltr'><strong>discrimen,</strong></span> <span class='ocrx_word' id='word_1_17' title='bbox 1088 358 1216 407; x_wconf 90' lang='lat' dir='ltr'>visco</span> <span class='ocrx_word' id='word_1_18' title='bbox 1246 361 1294 407; x_wconf 86' lang='lat' dir='ltr'>in</span> <span class='ocrx_word' id='word_1_19' title='bbox 1320 361 1390 409; x_wconf 83' lang='lat' dir='ltr'>his</span> 
     </span>
     <span class='ocr_line' id='line_1_4' title="bbox 105 427 1390 493; baseline 0.005 -17"><span class='ocrx_word' id='word_1_20' title='bbox 105 447 207 493; x_wconf 80' lang='lat' dir='ltr'>quae</span> <span class='ocrx_word' id='word_1_21' title='bbox 241 430 352 477; x_wconf 88' lang='lat' dir='ltr'>folia</span> <span class='ocrx_word' id='word_1_22' title='bbox 392 428 626 486; x_wconf 89' lang='lat' dir='ltr'>amittant,</span> <span class='ocrx_word' id='word_1_23' title='bbox 659 429 710 475; x_wconf 69' lang='grc' dir='ltr'>δε</span> <span class='ocrx_word' id='word_1_24' title='bbox 744 427 826 491; x_wconf 87' lang='lat' dir='ltr'>ipfi</span> <span class='ocrx_word' id='word_1_25' title='bbox 856 429 1085 477; x_wconf 81' lang='lat' dir='ltr'>decidere:</span> <span class='ocrx_word' id='word_1_26' title='bbox 1125 448 1286 483; x_wconf 86' lang='lat' dir='ltr'>contra</span> <span class='ocrx_word' id='word_1_27' title='bbox 1315 436 1390 482; x_wconf 78' lang='lat' dir='ltr'>in-</span> 
     </span>
     <span class='ocr_line' id='line_1_5' title="bbox 106 500 1391 557; baseline 0.005 -6"><span class='ocrx_word' id='word_1_28' title='bbox 106 503 271 551; x_wconf 83' lang='lat' dir='ltr'>haerere</span> <span class='ocrx_word' id='word_1_29' title='bbox 299 515 407 549; x_wconf 85' lang='lat' dir='ltr'>nato</span> <span class='ocrx_word' id='word_1_30' title='bbox 441 502 487 548; x_wconf 87' lang='lat' dir='ltr'>in</span> <span class='ocrx_word' id='word_1_31' title='bbox 514 515 679 548; x_wconf 80' lang='lat' dir='ltr'>aeterna</span> <span class='ocrx_word' id='word_1_32' title='bbox 709 500 886 550; x_wconf 88' lang='lat' dir='ltr'>fronde.</span> <span class='ocrx_word' id='word_1_33' title='bbox 923 505 1131 553; x_wconf 88' lang='lat' dir='ltr'>Omnino</span> <span class='ocrx_word' id='word_1_34' title='bbox 1159 520 1309 556; x_wconf 88' lang='lat' dir='ltr'>autem</span> <span class='ocrx_word' id='word_1_35' title='bbox 1328 510 1391 557; x_wconf 89' lang='lat' dir='ltr'>sa-</span> 
     </span>
     <span class='ocr_line' id='line_1_6' title="bbox 106 573 1388 639; baseline 0.004 -16"><span class='ocrx_word' id='word_1_36' title='bbox 106 589 203 623; x_wconf 85' lang='lat' dir='ltr'>turn</span> <span class='ocrx_word' id='word_1_37' title='bbox 218 576 346 623; x_wconf 78' lang='lat' dir='ltr'>nullo</span> <span class='ocrx_word' id='word_1_38' title='bbox 360 577 503 622; x_wconf 90' lang='lat' dir='ltr'>modo</span> <span class='ocrx_word' id='word_1_39' title='bbox 521 573 739 633; x_wconf 89' lang='lat' dir='ltr'>nascitur,</span> <span class='ocrx_word' id='word_1_40' title='bbox 759 592 842 621; x_wconf 89' lang='lat' dir='ltr'>nec</span> <span class='ocrx_word' id='word_1_41' title='bbox 861 575 941 622; x_wconf 82' lang='lat' dir='ltr'>nifi</span> <span class='ocrx_word' id='word_1_42' title='bbox 956 593 1037 639; x_wconf 91' lang='lat' dir='ltr'>per</span> <span class='ocrx_word' id='word_1_43' title='bbox 1056 577 1212 625; x_wconf 88' lang='lat' dir='ltr'>alvum</span> <span class='ocrx_word' id='word_1_44' title='bbox 1231 581 1388 629; x_wconf 88' lang='lat' dir='ltr'>avium</span> 
     </span>
     <span class='ocr_line' id='line_1_7' title="bbox 106 648 1393 711; baseline 0.004 -15"><span class='ocrx_word' id='word_1_45' title='bbox 106 650 349 709; x_wconf 85' lang='lat' dir='ltr'>redditum,</span> <span class='ocrx_word' id='word_1_46' title='bbox 369 649 563 695; x_wconf 78' lang='lat' dir='ltr'>maxime</span> <span class='ocrx_word' id='word_1_47' title='bbox 583 648 800 711; x_wconf 80' lang='lat' dir='ltr'>palumbis</span> <span class='ocrx_word' id='word_1_48' title='bbox 817 666 869 696; x_wconf 89' lang='lat' dir='ltr'>ac</span> <span class='ocrx_word' id='word_1_49' title='bbox 892 650 1047 698; x_wconf 83' lang='lat' dir='ltr'>turdis.</span> <span class='ocrx_word' id='word_1_50' title='bbox 1088 652 1198 699; x_wconf 82' lang='lat' dir='ltr'>Haec</span> <span class='ocrx_word' id='word_1_51' title='bbox 1223 653 1285 699; x_wconf 88' lang='lat' dir='ltr'>est</span> <span class='ocrx_word' id='word_1_52' title='bbox 1311 672 1393 701; x_wconf 85' lang='lat' dir='ltr'>na-</span> 
     </span>
     <span class='ocr_line' id='line_1_8' title="bbox 105 722 1394 790; baseline 0.005 -22"><span class='ocrx_word' id='word_1_53' title='bbox 105 735 226 783; x_wconf 89' lang='lat' dir='ltr'>tura,</span> <span class='ocrx_word' id='word_1_54' title='bbox 246 723 391 789; x_wconf 81' lang='lat' dir='ltr'>utnisi</span> <span class='ocrx_word' id='word_1_55' title='bbox 409 735 677 770; x_wconf 87' lang='lat' dir='ltr'>maturatum</span> <span class='ocrx_word' id='word_1_56' title='bbox 704 722 752 768; x_wconf 87' lang='lat' dir='ltr'>in</span> <span class='ocrx_word' id='word_1_57' title='bbox 774 735 933 769; x_wconf 84' lang='lat' dir='ltr'>ventre</span> <span class='ocrx_word' id='word_1_58' title='bbox 959 724 1142 783; x_wconf 87' lang='lat' dir='ltr'>avium,</span> <span class='ocrx_word' id='word_1_59' title='bbox 1168 742 1265 772; x_wconf 92' lang='lat' dir='ltr'>non</span> <span class='ocrx_word' id='word_1_60' title='bbox 1282 745 1394 790; x_wconf 86' lang='lat' dir='ltr'>pro-</span> 
     </span>
     <span class='ocr_line' id='line_1_9' title="bbox 106 797 1393 860; baseline 0.002 -14"><span class='ocrx_word' id='word_1_61' title='bbox 106 800 275 847; x_wconf 84' lang='lat' dir='ltr'>veniat.</span> <span class='ocrx_word' id='word_1_62' title='bbox 301 798 506 845; x_wconf 75' lang='lat' dir='ltr'>Altitudo</span> <span class='ocrx_word' id='word_1_63' title='bbox 536 797 630 859; x_wconf 87' lang='lat' dir='ltr'>ejus</span> <span class='ocrx_word' id='word_1_64' title='bbox 651 814 748 844; x_wconf 91' lang='lat' dir='ltr'>non</span> <span class='ocrx_word' id='word_1_65' title='bbox 779 798 958 845; x_wconf 82' lang='lat' dir='ltr'>excedit</span> <span class='ocrx_word' id='word_1_66' title='bbox 990 799 1258 860; x_wconf 79' lang='lat' dir='ltr'>cubitalem,</span> <span class='ocrx_word' id='word_1_67' title='bbox 1279 802 1393 849; x_wconf 88' lang='lat' dir='ltr'>sem-</span> 
     </span>
     <span class='ocr_line' id='line_1_10' title="bbox 105 871 1394 938; baseline 0.001 -17"><span class='ocrx_word' id='word_1_68' title='bbox 105 891 185 938; x_wconf 86' lang='lat' dir='ltr'>per</span> <span class='ocrx_word' id='word_1_69' title='bbox 204 873 431 921; x_wconf 69' lang='lat' dir='ltr'>frute&amp;os1</span> <span class='ocrx_word' id='word_1_70' title='bbox 447 890 499 920; x_wconf 86' lang='lat' dir='ltr'>ac</span> <span class='ocrx_word' id='word_1_71' title='bbox 516 872 691 920; x_wconf 79' lang='lat' dir='ltr'>viridis.</span> <span class='ocrx_word' id='word_1_72' title='bbox 723 874 824 919; x_wconf 84' lang='lat' dir='ltr'>Mas</span> <span class='ocrx_word' id='word_1_73' title='bbox 841 871 1021 931; x_wconf 88' lang='lat' dir='ltr'>fertilis,</span> <span class='ocrx_word' id='word_1_74' title='bbox 1039 872 1204 920; x_wconf 88' lang='lat' dir='ltr'>femina</span> <span class='ocrx_word' id='word_1_75' title='bbox 1219 873 1394 922; x_wconf 88' lang='lat' dir='ltr'>sterilis.</span> 
     </span>
     <span class='ocr_line' id='line_1_11' title="bbox 105 946 943 1013; baseline -0.004 -19"><span class='ocrx_word' id='word_1_76' title='bbox 105 947 367 1012; x_wconf 86' lang='lat' dir='ltr'>Aliquando</span> <span class='ocrx_word' id='word_1_77' title='bbox 392 964 487 992; x_wconf 91' lang='lat' dir='ltr'>non</span> <span class='ocrx_word' id='word_1_78' title='bbox 515 946 612 993; x_wconf 89' lang='lat' dir='ltr'>fert.</span> <span class='ocrx_word' id='word_1_79' title='bbox 938 1007 943 1013; x_wconf 30' lang='grc' dir='ltr'>Ι</span> 
     </span>
    </p>

    <p class='ocr_par' dir='ltr' id='par_1_3' title="bbox 104 1018 1392 1729">
     <span class='ocr_line' id='line_1_12' title="bbox 170 1018 1388 1086; baseline 0 -17"><span class='ocrx_word' id='word_1_80' title='bbox 170 1022 336 1069; x_wconf 88' lang='lat' dir='ltr'>XCIV.</span> <span class='ocrx_word' id='word_1_81' title='bbox 366 1019 550 1067; x_wconf 87' lang='lat' dir='ltr'>Viscum</span> <span class='ocrx_word' id='word_1_82' title='bbox 575 1018 717 1067; x_wconf 87' lang='lat' dir='ltr'>confit</span> <span class='ocrx_word' id='word_1_83' title='bbox 734 1030 791 1067; x_wconf 65' lang='grc' dir='ltr'>ΘΧ</span> <span class='ocrx_word' id='word_1_84' title='bbox 814 1022 979 1081; x_wconf 81' lang='lat' dir='ltr'>acinis,</span> <span class='ocrx_word' id='word_1_85' title='bbox 1001 1021 1078 1086; x_wconf 85' lang='lat' dir='ltr'>qui</span> <span class='ocrx_word' id='word_1_86' title='bbox 1112 1021 1388 1086; x_wconf 87' lang='lat' dir='ltr'>colliguntur</span> 
     </span>
     <span class='ocr_line' id='line_1_13' title="bbox 104 1094 1391 1156; baseline 0.001 -15"><span class='ocrx_word' id='word_1_87' title='bbox 104 1094 308 1141; x_wconf 88' lang='lat' dir='ltr'>meffium</span> <span class='ocrx_word' id='word_1_88' title='bbox 339 1105 546 1156; x_wconf 90' lang='lat' dir='ltr'>tempore</span> <span class='ocrx_word' id='word_1_89' title='bbox 578 1094 830 1141; x_wconf 90' lang='lat' dir='ltr'>immaturi:</span> <span class='ocrx_word' id='word_1_90' title='bbox 854 1112 956 1141; x_wconf 86' lang='lat' dir='ltr'>nam</span> <span class='ocrx_word' id='word_1_91' title='bbox 988 1095 1019 1142; x_wconf 86' lang='lat' dir='ltr'><strong>fi</strong></span> <span class='ocrx_word' id='word_1_92' title='bbox 1047 1096 1263 1143; x_wconf 87' lang='lat' dir='ltr'>acceffere</span> <span class='ocrx_word' id='word_1_93' title='bbox 1301 1096 1391 1142; x_wconf 76' lang='lat' dir='ltr'>im-</span> 
     </span>
     <span class='ocr_line' id='line_1_14' title="bbox 106 1166 1392 1232; baseline 0.001 -18"><span class='ocrx_word' id='word_1_94' title='bbox 106 1167 236 1226; x_wconf 85' lang='lat' dir='ltr'>bres,</span> <span class='ocrx_word' id='word_1_95' title='bbox 267 1166 563 1230; x_wconf 85' lang='lat' dir='ltr'>amplitudine</span> <span class='ocrx_word' id='word_1_96' title='bbox 600 1167 782 1230; x_wconf 88' lang='lat' dir='ltr'>quidem</span> <span class='ocrx_word' id='word_1_97' title='bbox 825 1180 1077 1232; x_wconf 81' lang='lat' dir='ltr'>augentur,</span> <span class='ocrx_word' id='word_1_98' title='bbox 1109 1167 1237 1215; x_wconf 87' lang='lat' dir='ltr'>visco</span> <span class='ocrx_word' id='word_1_99' title='bbox 1271 1185 1392 1215; x_wconf 86' lang='lat' dir='ltr'>vero</span> 
     </span>
     <span class='ocr_line' id='line_1_15' title="bbox 106 1240 1390 1303; baseline 0.001 -15"><span class='ocrx_word' id='word_1_100' title='bbox 106 1240 403 1289; x_wconf 87' lang='lat' dir='ltr'>marcescunt.</span> <span class='ocrx_word' id='word_1_101' title='bbox 429 1241 659 1287; x_wconf 85' lang='lat' dir='ltr'>Siccantur</span> <span class='ocrx_word' id='word_1_102' title='bbox 687 1241 846 1289; x_wconf 85' lang='lat' dir='ltr'>deinde</span> <span class='ocrx_word' id='word_1_103' title='bbox 865 1278 879 1300; x_wconf 92' lang='lat'>,</span> <span class='ocrx_word' id='word_1_104' title='bbox 906 1244 955 1289; x_wconf 86' lang='lat'>&amp;</span> <span class='ocrx_word' id='word_1_105' title='bbox 978 1242 1090 1288; x_wconf 80' lang='lat' dir='ltr'>aridi</span> <span class='ocrx_word' id='word_1_106' title='bbox 1113 1242 1390 1303; x_wconf 88' lang='lat' dir='ltr'>tunduntur,</span> 
     </span>
     <span class='ocr_line' id='line_1_16' title="bbox 106 1313 1392 1378; baseline 0.001 -16"><span class='ocrx_word' id='word_1_107' title='bbox 106 1332 157 1362; x_wconf 81' lang='lat' dir='ltr'>ac</span> <span class='ocrx_word' id='word_1_108' title='bbox 185 1313 360 1361; x_wconf 88' lang='lat' dir='ltr'>conditi</span> <span class='ocrx_word' id='word_1_109' title='bbox 393 1313 439 1359; x_wconf 90' lang='lat' dir='ltr'>in</span> <span class='ocrx_word' id='word_1_110' title='bbox 475 1331 590 1378; x_wconf 81' lang='lat' dir='ltr'>aqua</span> <span class='ocrx_word' id='word_1_111' title='bbox 620 1314 880 1377; x_wconf 88' lang='lat' dir='ltr'>putrescunt</span> <span class='ocrx_word' id='word_1_112' title='bbox 916 1315 1135 1363; x_wconf 83' lang='lat' dir='ltr'>duodenis</span> <span class='ocrx_word' id='word_1_113' title='bbox 1167 1315 1258 1362; x_wconf 88' lang='lat' dir='ltr'>fere</span> <span class='ocrx_word' id='word_1_114' title='bbox 1295 1317 1392 1363; x_wconf 87' lang='lat' dir='ltr'>die-</span> 
     </span>
     <span class='ocr_line' id='line_1_17' title="bbox 106 1389 1392 1453; baseline 0 -17"><span class='ocrx_word' id='word_1_115' title='bbox 106 1391 203 1437; x_wconf 85' lang='lat' dir='ltr'>bus.</span> <span class='ocrx_word' id='word_1_116' title='bbox 232 1392 475 1452; x_wconf 88' lang='lat' dir='ltr'>Unumque</span> <span class='ocrx_word' id='word_1_117' title='bbox 497 1390 587 1436; x_wconf 91' lang='lat' dir='ltr'>hoc</span> <span class='ocrx_word' id='word_1_118' title='bbox 618 1405 769 1436; x_wconf 88' lang='lat' dir='ltr'>rerum</span> <span class='ocrx_word' id='word_1_119' title='bbox 795 1389 1092 1453; x_wconf 84' lang='lat' dir='ltr'>putrescendo</span> <span class='ocrx_word' id='word_1_120' title='bbox 1113 1391 1297 1453; x_wconf 83' lang='lat' dir='ltr'>gratiam</span> <span class='ocrx_word' id='word_1_121' title='bbox 1316 1391 1392 1436; x_wconf 79' lang='lat' dir='ltr'>in-</span> 
     </span>
     <span class='ocr_line' id='line_1_18' title="bbox 106 1460 1391 1526; baseline 0 -16"><span class='ocrx_word' id='word_1_122' title='bbox 106 1462 248 1510; x_wconf 86' lang='lat' dir='ltr'>venit.</span> <span class='ocrx_word' id='word_1_123' title='bbox 268 1463 375 1508; x_wconf 89' lang='lat' dir='ltr'>Inde</span> <span class='ocrx_word' id='word_1_124' title='bbox 395 1462 440 1508; x_wconf 87' lang='lat' dir='ltr'>in</span> <span class='ocrx_word' id='word_1_125' title='bbox 459 1462 713 1526; x_wconf 75' lang='lat' dir='ltr'>profluente</span> <span class='ocrx_word' id='word_1_126' title='bbox 724 1498 737 1521; x_wconf 92' lang='lat'>,</span> <span class='ocrx_word' id='word_1_127' title='bbox 758 1461 903 1509; x_wconf 83' lang='lat' dir='ltr'>rursus</span> <span class='ocrx_word' id='word_1_128' title='bbox 923 1460 1087 1507; x_wconf 85' lang='lat' dir='ltr'>malleo</span> <span class='ocrx_word' id='word_1_129' title='bbox 1105 1462 1188 1508; x_wconf 84' lang='lat' dir='ltr'>tusi</span> <span class='ocrx_word' id='word_1_130' title='bbox 1201 1498 1214 1520; x_wconf 91' lang='lat'>,</span> <span class='ocrx_word' id='word_1_131' title='bbox 1229 1463 1391 1510; x_wconf 76' lang='lat' dir='ltr'>amissis</span> 
     </span>
     <span class='ocr_line' id='line_1_19' title="bbox 106 1535 1389 1585; baseline -0.003 0"><span class='ocrx_word' id='word_1_132' title='bbox 106 1536 351 1585; x_wconf 83' lang='lat' dir='ltr'>corticibus</span> <span class='ocrx_word' id='word_1_133' title='bbox 386 1535 603 1584; x_wconf 86' lang='lat' dir='ltr'>interiore</span> <span class='ocrx_word' id='word_1_134' title='bbox 629 1554 760 1584; x_wconf 88' lang='lat' dir='ltr'>carne</span> <span class='ocrx_word' id='word_1_135' title='bbox 786 1535 1049 1583; x_wconf 89' lang='lat' dir='ltr'>lentescunt.</span> <span class='ocrx_word' id='word_1_136' title='bbox 1085 1537 1189 1583; x_wconf 94' lang='lat' dir='ltr'>Hoc</span> <span class='ocrx_word' id='word_1_137' title='bbox 1219 1535 1280 1581; x_wconf 91' lang='lat' dir='ltr'>est</span> <span class='ocrx_word' id='word_1_138' title='bbox 1312 1535 1389 1583; x_wconf 84' lang='lat' dir='ltr'>vi·-</span> 
     </span>
     <span class='ocr_line' id='line_1_20' title="bbox 105 1607 1391 1674; baseline -0.001 -19"><span class='ocrx_word' id='word_1_139' title='bbox 105 1608 228 1655; x_wconf 87' lang='lat' dir='ltr'>scum</span> <span class='ocrx_word' id='word_1_140' title='bbox 253 1608 411 1672; x_wconf 86' lang='lat' dir='ltr'>pennis</span> <span class='ocrx_word' id='word_1_141' title='bbox 440 1609 592 1656; x_wconf 82' lang='lat' dir='ltr'>avium</span> <span class='ocrx_word' id='word_1_142' title='bbox 622 1610 740 1656; x_wconf 67' lang='grc' dir='ltr'>ῐᾶξὶιι</span> <span class='ocrx_word' id='word_1_143' title='bbox 766 1608 980 1674; x_wconf 83' lang='lat' dir='ltr'>ligandis,</span> <span class='ocrx_word' id='word_1_144' title='bbox 1005 1607 1112 1655; x_wconf 91' lang='lat' dir='ltr'>oleo</span> <span class='ocrx_word' id='word_1_145' title='bbox 1137 1607 1391 1670; x_wconf 57' lang='lat' dir='ltr'>subactum,</span> 
     </span>
     <span class='ocr_line' id='line_1_21' title="bbox 104 1680 761 1729; baseline 0.003 -2"><span class='ocrx_word' id='word_1_146' title='bbox 104 1696 208 1727; x_wconf 89' lang='lat' dir='ltr'>cum</span> <span class='ocrx_word' id='word_1_147' title='bbox 237 1680 374 1727; x_wconf 88' lang='lat' dir='ltr'>libeat</span> <span class='ocrx_word' id='word_1_148' title='bbox 397 1680 574 1729; x_wconf 85' lang='lat' dir='ltr'>infidias</span> <span class='ocrx_word' id='word_1_149' title='bbox 595 1681 761 1729; x_wconf 87' lang='lat' dir='ltr'>moliri.</span> 
     </span>
    </p>

    <p class='ocr_par' dir='ltr' id='par_1_4' title="bbox 106 1753 1401 2554">
     <span class='ocr_line' id='line_1_22' title="bbox 170 1753 1392 1803; baseline 0.002 -2"><span class='ocrx_word' id='word_1_150' title='bbox 170 1755 322 1802; x_wconf 88' lang='lat' dir='ltr'>XCV.</span> <span class='ocrx_word' id='word_1_151' title='bbox 345 1755 454 1801; x_wconf 92' lang='lat' dir='ltr'>Non</span> <span class='ocrx_word' id='word_1_152' title='bbox 490 1755 551 1801; x_wconf 86' lang='lat' dir='ltr'>est</span> <span class='ocrx_word' id='word_1_153' title='bbox 575 1755 826 1802; x_wconf 71' lang='lat' dir='ltr'>omittenda</span> <span class='ocrx_word' id='word_1_154' title='bbox 851 1753 900 1801; x_wconf 87' lang='lat' dir='ltr'>in</span> <span class='ocrx_word' id='word_1_155' title='bbox 925 1770 976 1801; x_wconf 88' lang='lat' dir='ltr'>ea</span> <span class='ocrx_word' id='word_1_156' title='bbox 1001 1771 1049 1801; x_wconf 86' lang='lat' dir='ltr'>re</span> <span class='ocrx_word' id='word_1_157' title='bbox 1070 1757 1120 1803; x_wconf 87' lang='lat'>&amp;</span> <span class='ocrx_word' id='word_1_158' title='bbox 1142 1756 1392 1803; x_wconf 85' lang='lat' dir='ltr'>Galliarum</span> 
     </span>
     <span class='ocr_line' id='line_1_23' title="bbox 108 1826 1392 1893; baseline 0.002 -19"><span class='ocrx_word' id='word_1_159' title='bbox 108 1826 358 1875; x_wconf 85' lang='lat' dir='ltr'>admiratio.</span> <span class='ocrx_word' id='word_1_160' title='bbox 409 1828 534 1874; x_wconf 88' lang='lat' dir='ltr'>Nihil</span> <span class='ocrx_word' id='word_1_161' title='bbox 565 1828 732 1875; x_wconf 86' lang='lat' dir='ltr'>habent</span> <span class='ocrx_word' id='word_1_162' title='bbox 759 1828 950 1875; x_wconf 71' lang='lat' dir='ltr'>Druidae</span> <span class='ocrx_word' id='word_1_163' title='bbox 971 1826 1070 1893; x_wconf 88' lang='lat' dir='ltr'>(ita</span> <span class='ocrx_word' id='word_1_164' title='bbox 1100 1828 1202 1876; x_wconf 83' lang='lat' dir='ltr'>suos</span> <span class='ocrx_word' id='word_1_165' title='bbox 1233 1831 1392 1893; x_wconf 50' lang='lat' dir='ltr'>appel-⁶</span> 
     </span>
     <span class='ocr_line' id='line_1_24' title="bbox 108 1901 1391 1968; baseline 0.002 -21"><span class='ocrx_word' id='word_1_166' title='bbox 108 1902 203 1948; x_wconf 75' lang='lat' dir='ltr'>lant</span> <span class='ocrx_word' id='word_1_167' title='bbox 223 1901 403 1965; x_wconf 81' lang='lat' dir='ltr'>magos)</span> <span class='ocrx_word' id='word_1_168' title='bbox 433 1902 560 1949; x_wconf 87' lang='lat' dir='ltr'>visco</span> <span class='ocrx_word' id='word_1_169' title='bbox 579 1939 592 1961; x_wconf 89' lang='lat'>,</span> <span class='ocrx_word' id='word_1_170' title='bbox 616 1903 666 1950; x_wconf 66' lang='grc' dir='ltr'>ὅ(</span> <span class='ocrx_word' id='word_1_171' title='bbox 695 1903 880 1960; x_wconf 87' lang='lat' dir='ltr'>arbore,</span> <span class='ocrx_word' id='word_1_172' title='bbox 910 1903 957 1948; x_wconf 89' lang='lat' dir='ltr'>in</span> <span class='ocrx_word' id='word_1_173' title='bbox 986 1919 1073 1964; x_wconf 84' lang='lat' dir='ltr'>qua</span> <span class='ocrx_word' id='word_1_174' title='bbox 1101 1903 1307 1966; x_wconf 78' lang='lat' dir='ltr'>gignatur</span> <span class='ocrx_word' id='word_1_175' title='bbox 1329 1904 1391 1968; x_wconf 80' lang='lat' dir='ltr'>(si</span> 
     </span>
     <span class='ocr_line' id='line_1_25' title="bbox 106 1971 1393 2037; baseline 0.002 -17"><span class='ocrx_word' id='word_1_176' title='bbox 106 1974 248 2020; x_wconf 85' lang='lat' dir='ltr'>modo</span> <span class='ocrx_word' id='word_1_177' title='bbox 267 1973 320 2019; x_wconf 89' lang='lat' dir='ltr'>fit</span> <span class='ocrx_word' id='word_1_178' title='bbox 338 1971 506 2036; x_wconf 85' lang='lat' dir='ltr'>robur)</span> <span class='ocrx_word' id='word_1_179' title='bbox 528 1973 750 2020; x_wconf 82' lang='lat' dir='ltr'>sacratius.</span> <span class='ocrx_word' id='word_1_180' title='bbox 786 1974 881 2021; x_wconf 89' lang='lat' dir='ltr'>Jam</span> <span class='ocrx_word' id='word_1_181' title='bbox 901 1991 981 2037; x_wconf 86' lang='lat' dir='ltr'>per</span> <span class='ocrx_word' id='word_1_182' title='bbox 1002 1974 1044 2021; x_wconf 91' lang='lat' dir='ltr'>se</span> <span class='ocrx_word' id='word_1_183' title='bbox 1063 1976 1285 2022; x_wconf 89' lang='lat' dir='ltr'>roborum</span> <span class='ocrx_word' id='word_1_184' title='bbox 1308 1977 1393 2024; x_wconf 90' lang='lat' dir='ltr'>eli-</span> 
     </span>
     <span class='ocr_line' id='line_1_26' title="bbox 106 2046 1391 2111; baseline 0.001 -18"><span class='ocrx_word' id='word_1_185' title='bbox 106 2059 218 2111; x_wconf 81' lang='lat' dir='ltr'>gunt</span> <span class='ocrx_word' id='word_1_186' title='bbox 248 2047 374 2094; x_wconf 86' lang='lat' dir='ltr'>lucos</span> <span class='ocrx_word' id='word_1_187' title='bbox 395 2083 408 2105; x_wconf 92' lang='lat'>,</span> <span class='ocrx_word' id='word_1_188' title='bbox 444 2063 527 2093; x_wconf 91' lang='lat' dir='ltr'>nec</span> <span class='ocrx_word' id='word_1_189' title='bbox 560 2046 652 2092; x_wconf 87' lang='lat' dir='ltr'>ulla</span> <span class='ocrx_word' id='word_1_190' title='bbox 685 2047 803 2093; x_wconf 81' lang='lat' dir='ltr'>sacra</span> <span class='ocrx_word' id='word_1_191' title='bbox 831 2047 922 2093; x_wconf 88' lang='lat' dir='ltr'>fine</span> <span class='ocrx_word' id='word_1_192' title='bbox 957 2064 1006 2094; x_wconf 93' lang='lat' dir='ltr'>ea</span> <span class='ocrx_word' id='word_1_193' title='bbox 1037 2047 1200 2094; x_wconf 88' lang='lat' dir='ltr'>fronde</span> <span class='ocrx_word' id='word_1_194' title='bbox 1241 2048 1391 2095; x_wconf 78' lang='lat' dir='ltr'>confi-</span> 
     </span>
     <span class='ocr_line' id='line_1_27' title="bbox 109 2121 1393 2186; baseline -0.001 -16"><span class='ocrx_word' id='word_1_195' title='bbox 109 2122 236 2170; x_wconf 88' lang='lat' dir='ltr'>ciunt</span> <span class='ocrx_word' id='word_1_196' title='bbox 247 2157 260 2180; x_wconf 91' lang='lat'>,</span> <span class='ocrx_word' id='word_1_197' title='bbox 272 2135 321 2167; x_wconf 90' lang='lat' dir='ltr'>ut</span> <span class='ocrx_word' id='word_1_198' title='bbox 336 2121 437 2167; x_wconf 87' lang='lat' dir='ltr'>inde</span> <span class='ocrx_word' id='word_1_199' title='bbox 457 2121 663 2184; x_wconf 88' lang='lat' dir='ltr'>appellati</span> <span class='ocrx_word' id='word_1_200' title='bbox 677 2138 862 2185; x_wconf 85' lang='lat' dir='ltr'>quoque</span> <span class='ocrx_word' id='word_1_201' title='bbox 879 2122 1250 2186; x_wconf 87' lang='lat' dir='ltr'>interpretatione</span> <span class='ocrx_word' id='word_1_202' title='bbox 1263 2125 1393 2170; x_wconf 83' lang='lat' dir='ltr'>Grae-</span> 
     </span>
     <span class='ocr_line' id='line_1_28' title="bbox 109 2194 1395 2259; baseline -0.002 -15"><span class='ocrx_word' id='word_1_203' title='bbox 109 2214 161 2244; x_wconf 89' lang='lat' dir='ltr'>ca</span> <span class='ocrx_word' id='word_1_204' title='bbox 194 2195 361 2258; x_wconf 83' lang='lat' dir='ltr'>poffint</span> <span class='ocrx_word' id='word_1_205' title='bbox 389 2194 578 2241; x_wconf 69' lang='lat' dir='ltr'>Druidae</span> <span class='ocrx_word' id='word_1_206' title='bbox 603 2195 760 2243; x_wconf 84' lang='lat' dir='ltr'>videri.</span> <span class='ocrx_word' id='word_1_207' title='bbox 798 2195 1047 2242; x_wconf 82' lang='lat' dir='ltr'>Enimvero</span> <span class='ocrx_word' id='word_1_208' title='bbox 1071 2196 1294 2259; x_wconf 84' lang='lat' dir='ltr'>quidquid</span> <span class='ocrx_word' id='word_1_209' title='bbox 1315 2196 1395 2242; x_wconf 82' lang='lat' dir='ltr'>ad-</span> 
     </span>
     <span class='ocr_line' id='line_1_29' title="bbox 111 2268 1396 2335; baseline 0 -18"><span class='ocrx_word' id='word_1_210' title='bbox 111 2270 316 2318; x_wconf 84' lang='lat' dir='ltr'>nascatur</span> <span class='ocrx_word' id='word_1_211' title='bbox 334 2268 438 2328; x_wconf 81' lang='lat' dir='ltr'>illis,</span> <span class='ocrx_word' id='word_1_212' title='bbox 456 2287 479 2317; x_wconf 88' lang='lat' dir='ltr'>e</span> <span class='ocrx_word' id='word_1_213' title='bbox 502 2269 614 2318; x_wconf 84' lang='lat' dir='ltr'>caelo</span> <span class='ocrx_word' id='word_1_214' title='bbox 634 2271 807 2317; x_wconf 84' lang='lat' dir='ltr'>miffum</span> <span class='ocrx_word' id='word_1_215' title='bbox 827 2284 1008 2335; x_wconf 85' lang='lat' dir='ltr'>putant,</span> <span class='ocrx_word' id='word_1_216' title='bbox 1030 2271 1290 2335; x_wconf 74' lang='lat' dir='ltr'>signumque</span> <span class='ocrx_word' id='word_1_217' title='bbox 1311 2270 1396 2317; x_wconf 80' lang='lat' dir='ltr'>effe</span> 
     </span>
     <span class='ocr_line' id='line_1_30' title="bbox 110 2342 1396 2406; baseline 0 -16"><span class='ocrx_word' id='word_1_218' title='bbox 110 2344 261 2390; x_wconf 59' lang='lat' dir='ltr'>electae</span> <span class='ocrx_word' id='word_1_219' title='bbox 296 2344 350 2390; x_wconf 85' lang='lat' dir='ltr'>ab</span> <span class='ocrx_word' id='word_1_220' title='bbox 387 2343 484 2406; x_wconf 90' lang='lat' dir='ltr'>ipso</span> <span class='ocrx_word' id='word_1_221' title='bbox 514 2345 621 2390; x_wconf 89' lang='lat' dir='ltr'>Deo</span> <span class='ocrx_word' id='word_1_222' title='bbox 660 2344 849 2391; x_wconf 83' lang='lat' dir='ltr'>arboris.</span> <span class='ocrx_word' id='word_1_223' title='bbox 885 2342 958 2390; x_wconf 81' lang='lat' dir='ltr'>Est</span> <span class='ocrx_word' id='word_1_224' title='bbox 992 2358 1139 2390; x_wconf 85' lang='lat' dir='ltr'>autem</span> <span class='ocrx_word' id='word_1_225' title='bbox 1169 2343 1212 2388; x_wconf 75' lang='lat' dir='ltr'>ici</span> <span class='ocrx_word' id='word_1_226' title='bbox 1246 2360 1396 2390; x_wconf 79' lang='lat' dir='ltr'>rarum</span> 
     </span>
     <span class='ocr_line' id='line_1_31' title="bbox 112 2413 1398 2479; baseline 0 -16"><span class='ocrx_word' id='word_1_227' title='bbox 112 2417 357 2463; x_wconf 85' lang='lat' dir='ltr'>admodum</span> <span class='ocrx_word' id='word_1_228' title='bbox 392 2416 610 2474; x_wconf 85' lang='lat' dir='ltr'>inventu,</span> <span class='ocrx_word' id='word_1_229' title='bbox 649 2418 699 2463; x_wconf 89' lang='lat'>&amp;</span> <span class='ocrx_word' id='word_1_230' title='bbox 729 2430 957 2478; x_wconf 83' lang='lat' dir='ltr'>repertum</span> <span class='ocrx_word' id='word_1_231' title='bbox 989 2432 1146 2479; x_wconf 74' lang='lat' dir='ltr'>magna</span> <span class='ocrx_word' id='word_1_232' title='bbox 1179 2413 1398 2478; x_wconf 80' lang='lat' dir='ltr'>religione</span> 
     </span>
     <span class='ocr_line' id='line_1_32' title="bbox 113 2486 1401 2554; baseline -0.001 -18"><span class='ocrx_word' id='word_1_233' title='bbox 113 2489 300 2552; x_wconf 88' lang='lat' dir='ltr'>petitur:</span> <span class='ocrx_word' id='word_1_234' title='bbox 340 2490 390 2536; x_wconf 85' lang='lat'>&amp;</span> <span class='ocrx_word' id='word_1_235' title='bbox 413 2500 513 2535; x_wconf 86' lang='lat' dir='ltr'>ante</span> <span class='ocrx_word' id='word_1_236' title='bbox 538 2489 692 2535; x_wconf 88' lang='lat' dir='ltr'>omnia</span> <span class='ocrx_word' id='word_1_237' title='bbox 713 2488 836 2536; x_wconf 83' lang='lat' dir='ltr'>sexta</span> <span class='ocrx_word' id='word_1_238' title='bbox 861 2491 984 2536; x_wconf 85' lang='lat' dir='ltr'>Luna</span> <span class='ocrx_word' id='word_1_239' title='bbox 1002 2526 1017 2548; x_wconf 88' lang='lat'>,</span> <span class='ocrx_word' id='word_1_240' title='bbox 1046 2506 1146 2552; x_wconf 71' lang='lat' dir='ltr'>quae</span> <span class='ocrx_word' id='word_1_241' title='bbox 1178 2486 1401 2554; x_wconf 80' lang='lat' dir='ltr'>principia</span> 
     </span>
    </p>
   </div>
   <div class='ocr_carea' id='block_1_3' title="bbox 180 2562 1138 2612">
    <p class='ocr_par' dir='ltr' id='par_1_5' title="bbox 180 2562 1138 2612">
     <span class='ocr_line' id='line_1_33' title="bbox 180 2562 1138 2612; baseline -0.001 -3"><span class='ocrx_word' id='word_1_242' title='bbox 180 2566 224 2609; x_wconf 86' lang='lat' dir='ltr'>C.</span> <span class='ocrx_word' id='word_1_243' title='bbox 259 2565 377 2610; x_wconf 77' lang='lat' dir='ltr'>Plin.</span> <span class='ocrx_word' id='word_1_244' title='bbox 408 2567 504 2611; x_wconf 84' lang='lat' dir='ltr'>Vol.</span> <span class='ocrx_word' id='word_1_245' title='bbox 535 2564 623 2612; x_wconf 81' lang='lat' dir='ltr'><em>III.</em></span> <span class='ocrx_word' id='word_1_246' title='bbox 933 2564 960 2587; x_wconf 71' lang='lat'>¹*</span> <span class='ocrx_word' id='word_1_247' title='bbox 1092 2562 1138 2608; x_wconf 74' lang='lat' dir='ltr'>K.</span> 
     </span>
    </p>
   </div>
  </div>
 </body>
</html>
