1653 2797
257 163 528 211 NATUR.
561 162 866 210 HISTOR.
901 164 1032 210 LIB.
1067 162 1284 212 XVIII.
1350 181 1442 228 227

164 271 375 318 admiror.
403 274 467 318 Ita
495 271 616 317 enim
636 269 697 316 est
719 269 765 315 in
786 272 1119 319 commentariis
1144 272 1439 321 Pontificum:

165 345 373 409 Augurio
392 343 572 391 canario
593 341 768 405 agendo
787 342 878 388 dies
903 345 1231 392 constituantur
1245 382 1258 405 ‚
1296 346 1441 409 prius-

163 433 298 480 quam
321 415 540 461 frumenta
560 413 734 476 vaginis
754 426 939 473 exeant,
961 416 1012 462 ὃ(
1031 429 1273 482 antequam
1294 418 1340 464 in
1359 436 1443 467 va·-

164 488 289 553 ginas
319 486 600 550 perveniant.

227 565 302 609 IV.
329 563 448 624 Ergo
468 561 514 607 in
535 559 740 607 moribus
770 575 865 607 non
886 561 1028 608 modo
1054 560 1330 611 sufficiebant
1347 564 1443 612 fru-

161 652 265 700 ges,
300 634 422 681 nulla
454 634 796 697 provinciarum
828 633 1034 697 pascente
1060 635 1253 693 Italiam,
1286 653 1444 684 verum

162 708 295 754 etiam
313 723 508 754 annonae
527 706 676 755 vilitas
698 706 972 755 incredibilis
990 719 1096 753 erat.
1123 708 1302 754 Manius
1322 711 1444 754 Mar-2

162 783 257 830 cius
276 782 434 829 AEdilis
465 781 606 845 plebis
640 783 834 845 primum
867 781 1146 829 frumentum
1181 781 1357 845 populo
1394 784 1441 829 in

160 854 342 900 modios
372 854 530 901 affibus
560 854 766 901 donavit.
802 853 1022 900 Minutius
1054 853 1339 917 Augurinus,
1364 855 1443 918 qui

144 926 434 992 ·Sp.Melium
453 937 738 990 coarguerat,
757 925 885 972 farris
905 925 1097 988 pretium
1115 926 1162 971 in
1180 926 1308 973 trinis
1327 945 1443 975 nun-

161 999 278 1044 dinis
299 999 355 1044 ad
380 999 511 1044 affem
533 998 704 1062 redegit
732 996 995 1044 undecimus
1018 997 1165 1061 plebei
1186 999 1442 1049 Tribunus:

158 1088 248 1134 qua
264 1071 317 1118 de
350 1070 476 1118 causa
506 1070 646 1117 statua
676 1070 716 1116 ei
746 1082 872 1119 extra
902 1082 1078 1133 portam
1103 1070 1439 1134 Trigeminam,

157 1160 183 1190 a
203 1143 378 1206 populo
405 1142 514 1206 stipe
546 1141 709 1189 collata
731 1142 889 1188 statuta
915 1141 990 1187 est.
1029 1141 1218 1189 Trebius
1244 1143 1291 1188 in
1309 1145 1438 1191 AEdi-

158 1213 282 1260 litate
319 1214 474 1261 affibus
516 1213 690 1277 populo
725 1214 999 1260 frumentum
1033 1213 1263 1276 praestitit:
1302 1234 1438 1280 quam

157 1286 222 1332 ob
242 1285 412 1333 causam
441 1287 491 1333 &
522 1285 562 1332 ei
592 1285 743 1331 statuae
763 1285 810 1331 in
838 1284 1072 1348 Capitolio
1100 1303 1152 1333 ac
1181 1286 1351 1334 Palatio
1371 1288 1438 1335 di·-

157 1371 269 1407 catae
300 1358 420 1406 sunt:
454 1359 545 1422 ipse
580 1358 787 1422 supremo
819 1359 889 1405 die
907 1358 1067 1422 populi
1095 1360 1291 1406 humeris
1322 1377 1435 1423 por-

155 1444 271 1480 tatus
304 1432 352 1478 in
374 1448 536 1495 rogum
556 1431 630 1479 est.
663 1434 836 1478 Verum
856 1448 948 1496 quo
969 1448 1091 1478 anno
1111 1435 1257 1479 Mater
1276 1433 1435 1480 Deum

154 1505 341 1552 advesta
374 1506 568 1551 Romam
600 1504 688 1564 est,
717 1502 935 1566 majorem
973 1521 1023 1551 ea
1051 1504 1197 1551 aestate
1225 1506 1434 1566 meffem,

152 1596 287 1643 quam
303 1579 666 1627 antecedentibus
685 1578 812 1626 annis
840 1578 994 1625 decem
1013 1615 1026 1636 ‚
1057 1578 1215 1625 saetam
1236 1578 1318 1626 effe
1339 1592 1432 1627 tra-

153 1653 278 1700 dunt.
295 1655 359 1701 M.
370 1656 519 1700 ‘Varro
532 1653 688 1699 au&or
706 1652 785 1710 est,
807 1669 910 1699 cum
928 1653 977 1698 L.
993 1651 1203 1699 Metellus
1220 1652 1265 1699 in
1284 1654 1432 1702 trium-

152 1726 246 1790 pho
266 1725 485 1789 plurimos
506 1725 638 1772 duxit
659 1724 946 1788 elephantos,
965 1723 1124 1770 affibus
1143 1724 1323 1789 singulis
1344 1726 1430 1773 far·

152 1799 212 1846 ris
229 1800 409 1846 modios
433 1798 586 1847 fuiffe:
614 1798 722 1845 item
741 1796 841 1845 Vini
867 1796 1059 1860 congios
1075 1833 1088 1855 ‚
1109 1795 1276 1861 ficique
1303 1799 1429 1847 ficcae

151 1872 311 1935 pondo
346 1886 489 1929 xxx,
537 1871 627 1917 olei
668 1871 826 1934 pondo
866 1884 927 1927 Χ,
964 1869 1108 1916 carnis
1149 1883 1240 1917 ΧΠ.
1275 1872 1372 1919 Nec
1406 1891 1429 1919 e

151 1944 397 1991 latifundiis
422 1943 700 2007 fingulorum
721 1941 1015 2005 contingebat
1040 1938 1290 1988 arcentium
1313 1944 1429 1992 vici-

153 2022 261 2066 nos:
280 2019 444 2082 quippe
466 2019 598 2065 etiam
621 2019 714 2084 lege
733 2018 935 2065 Stolonis
953 2018 1115 2064 Licinii
1131 2017 1304 2066 incluso
1325 2037 1428 2067 mo‹

151 2093 213 2139 do
241 2092 593 2156 quingentorum
617 2090 846 2156 jugerum,
878 2093 927 2138 δε
958 2090 1054 2154 ipso
1080 2091 1154 2138 sua
1178 2091 1274 2156 lege
1303 2093 1428 2140 dam-

153 2177 288 2225 nat0‚
323 2183 424 2213 cum
445 2165 677 2212 substituta
705 2164 787 2211 filii
809 2165 999 2228 persona
1023 2164 1213 2227 amplius
1232 2167 1429 2228 postide-

149 2254 231 2287 ret.
263 2240 550 2288 Luxuriantis
579 2239 669 2303 jam
688 2239 968 2302 Reipublicae
1000 2238 1084 2284 fuit
1109 2236 1188 2285 ista
1212 2239 1429 2288 mensura.

150 2314 292 2361 Manii
330 2314 508 2378 quidem
533 2314 691 2373 Curii,
725 2312 826 2377 post
858 2312 1111 2376 triumphos
1142 2313 1430 2361 immensum-

150 2405 239 2450 que
267 2399 483 2433 terrarum
514 2386 733 2448 adjefihlm
762 2386 983 2450 imperio,
1022 2397 1132 2432 nota
1154 2387 1320 2432 concio
1344 2388 1428 2435 est:

149 2460 457 2513 perniciosum
478 2460 667 2525 intelligi
691 2461 840 2510 civem
853 2497 868 2521 ,
888 2459 961 2508 cui
981 2457 1145 2522 septem
1162 2456 1316 2523 jugera
1335 2476 1430 2506 non

1097 2530 1129 2574 P
1155 2547 1179 2575 2
