1653 2797
270 181 559 236 NATUR.
596 185 1069 237 HISTOR.L1B.
1104 191 1317 241 XVIII.
1360 206 1450 258 259

257 294 473 344 XXXIX.
505 298 560 342 Et
591 294 724 340 filicia
739 331 752 351 ‚
775 294 863 342 hoc
888 296 948 341 est
963 333 976 355 ‚
1000 293 1174 345 foenum
1205 298 1414 350 Graecum
1435 339 1451 361 ,

177 370 498 418 scarificatione
514 368 685 425 seritur,
703 384 799 413 non
822 368 980 414 altiore
999 384 1192 433 quatuor
1209 374 1452 439 digitorum

176 443 329 489 sulco:
364 454 626 505 quantoque
661 438 785 502 pejus
812 442 1021 487 tractatur
1041 478 1055 500 ‚
1082 456 1209 491 tanto
1236 449 1452 509 provenit

176 516 346 561 melius.
383 515 548 558 Rarum
576 512 725 569 dictu,
755 512 838 558 effe
866 512 1059 576 aliquid,
1090 517 1162 562 cui
1198 520 1337 580 profit
1369 538 1450 567 ne-

173 587 394 651 gligentia.
425 585 473 631 Id
502 597 648 631 autem
677 585 801 648 quod
828 583 994 642 secale,
1026 601 1076 633 ac
1099 587 1271 652 farrago
1295 595 1450 655 appel-

171 660 315 716 latur,
341 658 493 704 occari
515 669 687 704 tantum
714 657 939 704 desiderat.

236 731 333 777 XL.
370 731 520 778 Secale
545 729 734 776 Taurini
765 729 840 776 sub
866 729 1054 792 Alpibus
1085 731 1215 778 asiam
1248 749 1447 796 vocant,

169 803 484 862 deterrimum,
506 806 555 851 &
580 815 755 850 tantum
786 803 840 849 ad
870 804 1104 850 arcendam
1135 804 1325 854 famem:
1354 808 1446 854 foe-

118 883 124 886 *
171 878 319 925 cunda
336 914 349 937 ‚
385 878 457 924 sed
479 877 632 941 gracili
662 876 846 939 stipula,
865 876 1041 940 nigritia
1070 877 1214 937 triste,
1235 879 1306 927 sed
1324 899 1446 945 pone

169 951 274 997 dere
301 950 594 1014 praecipuum.
622 949 900 995 Admiscetur
936 949 1039 996 huic
1072 949 1166 1009 far,
1200 963 1249 997 ut
1274 954 1446 1018 mitiget

166 1022 506 1068 amaritudinem
531 1020 652 1084 ejus:
681 1022 730 1067 δέ
754 1032 903 1067 tamen
921 1020 980 1067 fic
1006 1038 1190 1086 quoque
1216 1024 1444 1087 ingr-atilli-

165 1111 287 1140 mum
323 1093 473 1140 ventri
509 1092 583 1139 est.
622 1092 830 1138 Nascitur
862 1092 1161 1156 qualicunque
1201 1094 1298 1141 solo
1338 1115 1441 1146 cum

161 1168 404 1215 centesimo
441 1184 609 1231 grano:
649 1165 878 1229 ipsumque
911 1183 996 1228 pro
1025 1166 1245 1215 laetamine
1270 1170 1343 1217 est.

226 1243 340 1288 XLI.
365 1244 555 1304 Farrago
583 1257 638 1286 ex
664 1240 947 1287 recrementis
976 1239 1102 1286 farris
1126 1244 1350 1304 praedensa
1372 1244 1438 1291 se·-

159 1315 298 1373 ritur‚
325 1314 520 1361 admixta
553 1313 791 1379 aliquando
820 1315 869 1360 &
892 1312 1025 1360 vicia.
1054 1315 1219 1362 Eadem
1240 1317 1285 1362 in
1311 1316 1434 1364 Afri-

159 1403 211 1432 ca
230 1385 280 1432 fit
309 1402 365 1432 ex
400 1386 585 1432 hordeo.
625 1383 793 1429 Omnia
822 1385 917 1430 haec
950 1384 1208 1446 pabularia:
1239 1388 1432 1450 degene-

157 1459 342 1522 ransque
376 1476 431 1506 ex
465 1456 761 1521 leguminibus
801 1473 900 1519 quae
936 1469 1129 1503 vocatur
1164 1475 1345 1505 cracca:
1384 1461 1430 1506 in

155 1546 327 1580 tantum
358 1532 579 1580 columbis
607 1542 727 1594 grata
745 1565 759 1588 ‚
786 1543 836 1575 ut
866 1529 1007 1593 pastas
1040 1546 1090 1576 ea
1117 1547 1279 1594 negent
1305 1531 1427 1597 fugi-

155 1607 272 1653 tivas
307 1606 425 1652 illius
453 1605 545 1652 loci
571 1603 680 1650 fieri.

218 1679 354 1725 XLII.
383 1679 514 1741 Apud
547 1676 755 1740 antiquos
817 1687 884 1722 rat
921 1671 1071 1739 pabuli
1103 1692 1268 1741 genus,
1301 1681 1425 1744 quod

149 1753 267 1798 Cato
293 1768 510 1816 ocymum
538 1763 706 1809 vocat,
736 1767 765 1813 q
853 1750 1057 1797 sistebant
1076 1753 1229 1797 alvum
1264 1753 1420 1802 bubus.

150 1825 199 1870 Id
235 1840 328 1870 erat
351 1841 375 1870 e
403 1823 606 1886 pabulis,
634 1822 774 1887 segete
803 1823 939 1870 viridi
975 1822 1165 1880 desecta,
1184 1837 1421 1889 antequam

149 1897 326 1960 gelaret.
369 1897 477 1944 Sura
504 1898 726 1943 Mamilius
760 1896 805 1941 id
832 1896 958 1942 aliter
991 1895 1336 1958 interpretatur,
1370 1902 1420 1946 &

148 1968 283 2015 tradit
321 1967 432 2014 fabae
465 1968 643 2014 modios
674 1969 853 2024 decem,
886 1965 1019 2013 viciae
1055 1966 1166 2013 duos
1185 2004 1201 2024 ‚
1233 1980 1417 2015 tantun—

68 2082 76 2093 ,
148 2041 248 2086 dem
276 2040 446 2086 erviliae
475 2040 521 2085 in
548 2038 702 2103 jugero
728 2051 944 2085 autumno
974 2037 1213 2088 misceri&
1242 2040 1322 2087 seri
1342 2041 1416 2088 so-

145 2111 289 2158 litum.
324 2109 483 2158 Melius
514 2113 563 2158 &
587 2128 730 2158 avena
756 2114 941 2169 Graeca,
972 2112 1045 2158 cui
1077 2129 1172 2159 non
1206 2114 1322 2161 cadit
1350 2114 1414 2161 se-

144 2201 275 2241 men,
306 2183 514 2229 admixta.
561 2185 668 2230 Hoc·
695 2184 946 2231 vocitatum
977 2200 1222 2248 ocymum,
1248 2187 1411 2233 boum-

142 2275 228 2321 que
252 2256 378 2303 causa
412 2256 492 2303 seri
522 2256 714 2304 solitum.
743 2260 887 2303 Varro
914 2257 1180 2321 appellatum
1204 2276 1228 2304 a
1254 2260 1409 2305 celeri-

141 2343 229 2378 tate
263 2330 592 2394 proveniendi‚
619 2348 643 2378 e
679 2333 844 2378 Graeco
873 2331 998 2395 quod
1027 2338 1146 2379 ὦκέως
1175 2332 1345 2380 dicunt.

207 2405 361 2450 XLIII.
398 2403 572 2449 Medica
603 2415 784 2450 externa
814 2404 948 2450 etiam
976 2402 1168 2450 Graeciae
1191 2403 1251 2450 est
1269 2441 1283 2462 ‚
1310 2418 1360 2451 ut
1385 2424 1409 2453 a

141 2476 328 2523 Medicis
358 2476 540 2523 advecta
569 2492 647 2539 per
679 2475 793 2523 bella
823 2475 1086 2591 PersarumR,
1117 2492 1216 2539 quae
1242 2478 1407 2526 Darius

1119 2565 1140 2592 2
