1653 2797
264 245 353 293 218
525 244 581 290 C.
632 243 890 290 PLINII
942 244 1320 293 SECUNDr

323 352 483 397 XLVI.
509 350 674 398 Similis
699 350 792 397 fimi
820 352 950 399 ratio,
986 353 1197 400 Gaudent
1229 371 1316 411 eo,
1352 354 1426 401 sed
1456 373 1531 404 ca-

260 425 492 484 vendum,
514 442 570 472 ne
591 426 638 471 in
668 424 850 472 fervore
875 426 990 473 Solis
1020 427 1348 484 admoveatur,
1368 444 1424 474 ne
1450 428 1531 475 im-

259 511 509 556 maturum,
542 514 597 543 ne
626 497 818 545 validius
852 515 987 561 quam
1016 516 1132 562 opus
1162 500 1225 551 sit,
1251 501 1355 547 Urit
1377 500 1534 548 vineas

259 568 462 627 suillum,
483 569 563 614 nisi
593 570 907 633 quinquennio
924 571 1218 634 interposito,
1240 584 1534 636 praeterquam

258 642 290 687 s1
320 642 455 704 riguis
489 642 704 688 diluatur:
735 644 784 689 &
811 659 834 688 e
859 643 1156 689 coriariorum
1191 642 1393 690 sordibus
1410 680 1425 702 ,
1453 644 1534 691 nisi

258 715 456 762 admixta
485 733 620 779 aqua:
652 716 759 761 item
791 715 964 778 largius.
999 714 1167 762 Iustum
1199 716 1448 764 existimant
1485 717 1532 764 in

259 789 400 840 denos
436 789 569 852 pedes
605 790 844 852 quadratos
865 826 879 848 ‚
910 802 998 837 tres
1034 789 1230 838 modios.
1271 791 1320 837 Id
1353 791 1533 855 quidem

256 861 340 909 soli
369 876 525 910 natura
550 863 771 910 decernet.

320 933 500 981 XLVII.
531 934 813 981 Columbino
849 952 899 981 ac
935 934 1066 982 suillo
1098 935 1243 999 plagis
1267 951 1448 1000 quoque
1468 953 1536 983 ar-

256 1007 422 1054 borum
446 1007 693 1054 medentur.
726 1008 771 1054 Si
804 1008 919 1055 mala
940 1009 1109 1056 Punica
1127 1009 1251 1055 acida
1280 1009 1537 1069 nascantur,

258 1079 527 1143 ablaqueatis
551 1081 774 1129 radicibus
801 1081 957 1129 fimum
995 1082 1172 1130 suillum
1199 1084 1441 1130 adhibent:
1478 1100 1536 1130 eo

258 1171 380 1199 anno
402 1155 632 1214 violenta,
654 1156 872 1219 proximo
909 1157 1058 1204 dulcia
1088 1157 1251 1204 futura.
1290 1157 1379 1204 Alii
1409 1157 1536 1205 urina

256 1226 454 1275 hominis
479 1247 593 1293 aqua
616 1230 756 1276 mixta
784 1230 970 1295 riganda
1001 1230 1180 1277 censent
1202 1242 1357 1295 quater
1383 1248 1535 1287 anno,

257 1299 441 1363 singulis
478 1303 728 1365 amphoris:
766 1315 841 1349 aut
868 1304 1098 1350 cacumina
1130 1302 1271 1367 spargi
1290 1302 1406 1350 vino
1426 1302 1536 1351 lase-

257 1390 306 1419 re
338 1375 498 1422 diluto.
535 1377 579 1422 Si
607 1375 834 1423 findantur
865 1377 912 1422 in
947 1377 1133 1435 arbore,
1169 1375 1429 1439 pediculum
1464 1375 1538 1422 in·

258 1448 476 1508 torqueri.
513 1449 625 1496 Ficis
652 1449 808 1512 utique
827 1466 1050 1496 amurcam
1072 1448 1256 1496 affundi.
1280 1448 1451 1496 Ceteris
1471 1465 1537 1495 ar-

260 1517 446 1565 boribus
477 1521 605 1584 aegris
625 1521 779 1567 faecem
812 1521 936 1580 vini,
957 1537 1035 1568 aut
1055 1523 1260 1585 lupinum
1282 1521 1450 1568 circum
1470 1538 1537 1568 ra-

260 1591 382 1638 dices
409 1609 560 1639 earum
582 1592 677 1640 seri.
712 1595 842 1656 Aqua
870 1612 1052 1658 quoque
1081 1595 1224 1657 lupini
1244 1594 1420 1642 decocti
1448 1594 1537 1641 cir-

261 1663 463 1710 cumfusa
502 1665 647 1726 pomis
690 1665 882 1727 prodest.
933 1667 1053 1724 Fici,
1085 1684 1187 1713 cum
1214 1666 1539 1713 Vulcanalibus

261 1736 435 1793 tonuit,
455 1736 627 1782 cadunt.
660 1737 924 1783 Remedium
950 1736 1037 1793 est,
1055 1749 1104 1783 ut
1131 1750 1231 1783 ante
1251 1736 1407 1798 stipula
1430 1736 1537 1782 bor-

261 1806 421 1853 deacea
455 1825 567 1854 areae
601 1808 881 1871 stringantur.
919 1807 1107 1855 Cerasos
1139 1825 1366 1871 praecoces
1403 1807 1537 1866 facit,

264 1879 477 1942 cogitque
493 1877 784 1928 maturescere
806 1879 904 1926 calx
922 1881 1102 1927 admota
1120 1880 1354 1926 radicibus.
1375 1882 1431 1926 Et
1447 1879 1539 1928 hoc

263 1964 440 2012 autem,
468 1956 517 2001 &
551 1955 704 2001 omnia
741 1971 875 2018 poma
911 1948 1138 2002 intervelli
1172 1953 1332 2001 melius
1366 1953 1454 2013 est,
1489 1965 1539 2001 ut

263 2043 364 2088 quae
390 2028 540 2074 reli&a
559 2028 668 2086 sint,
701 2028 1004 2092 grandescant.

341 2098 560 2156 Quaedam
589 2117 728 2162 poena
767 2099 1086 2157 emendantur,
1124 2108 1199 2145 aut
1231 2096 1382 2144 morsu
1413 2098 1538 2144 exci-

265 2179 448 2228 tantur,
491 2182 541 2216 ut
577 2172 736 2232 palma:
769 2174 819 2220 &
856 2171 1041 2218 lentisci.
1086 2170 1213 2217 Salfis
1255 2170 1378 2217 enim
1413 2170 1538 2234 aquis

267 2243 458 2291 aluntur.
497 2245 605 2291 Salis
633 2245 730 2291 vim
759 2247 807 2292 &
840 2246 1009 2292 cineres
1028 2281 1044 2302 ,
1070 2243 1144 2291 sed
1172 2243 1391 2290 leniorem
1409 2279 1424 2302 ,
1456 2244 1537 2291 ha-

266 2315 399 2363 bent:
427 2316 530 2363 ideo
559 2314 632 2362 fici
662 2315 975 2380 asperguntur,
994 2328 1202 2379 tutaque,
1223 2333 1278 2362 ne
1307 2314 1415 2362 fiant
1435 2332 1535 2361 ver-

268 2388 481 2448 minosae,
512 2405 627 2436 neve
655 2390 824 2436 radices
850 2389 1114 2452 putrescant.
1145 2390 1273 2451 Quin
1294 2391 1345 2437 &
1373 2388 1537 2436 vitium

268 2461 487 2509 radicibus
515 2480 673 2526 aquam
707 2461 856 2509 salsam
882 2462 1039 2524 jubent
1067 2464 1261 2521 affundi,
1295 2463 1326 2509 fi
1356 2462 1442 2508 fint
1473 2461 1537 2508 la-

271 2535 498 2582 crimosae:
528 2536 559 2582 fi
585 2552 699 2583 vero
727 2534 890 2581 frmstus
918 2553 1068 2583 earum
1089 2535 1292 2583 decidant
1307 2570 1321 2594 ,
1343 2534 1538 2581 cinerem
