1653 2797
220 220 312 281 ,248
499 213 846 262 C.PLINII
902 213 1271 265 SECUNDI

218 326 310 378 hoc
329 361 344 382 ‚
383 326 434 376 ὅ(
467 323 615 375 irione
635 358 649 383 2
691 322 866 374 nullum
901 322 1064 373 animal
1106 322 1304 373 vescitur
1340 322 1495 371 viren-

215 399 349 451 tibus.
1326 390 1329 396 ¹
1444 432 1454 441 t

294 472 461 523 XXIII.
502 469 669 518 Pistura
711 486 805 516 non
852 469 1055 515 omnium
1105 469 1282 517 facilis:
1334 468 1501 532 quippe

217 545 399 599 Etr-uria
428 544 593 607 spicam
634 543 760 591 farris
800 542 905 589 tosti
938 543 1106 606 pisente
1142 544 1238 607 pilo
1265 542 1500 605 praeferra-

218 628 301 674 to,
333 615 472 669 fistula
505 616 688 675 serrata,
720 617 770 663 &
802 615 923 662 stella
957 615 1076 664 intus
1113 616 1411 674 denticulata,
1449 626 1500 662 ut

216 690 302 743 ‚nifi
333 690 495 742 intenti
528 689 697 753 pisant,
735 688 1042 736 concidantur
1060 706 1219 753 grana,
1242 689 1501 752 ferrumque

219 763 464 828 frangatur.
521 762 673 823 Major
721 778 821 824 pars
852 762 988 807 Italiae
1021 762 1151 808 ruido
1190 763 1329 810 utitur
1371 761 1501 825 pilo:

218 838 331 886 rotis
359 838 491 885 etiam
513 853 623 899 quas
650 852 763 897 aqua
787 834 933 881 verset
951 835 1098 883 obiter
1117 872 1130 894 ‚
1162 837 1212 883 &
1239 835 1394 884 molat.
1424 836 1498 883 De

217 909 309 971 ipsa
338 909 514 954 ratione
544 906 716 970 pisendi.
760 907 969 970 Magonis
1005 919 1289 971 proponetur
1320 907 1499 953 senten*

218 982 305 1027 tia:
333 979 559 1029 Triticum
590 991 691 1025 ante
710 977 924 1041 perfundi
949 997 1060 1042 aqua
1078 979 1216 1027 multa
1238 978 1362 1041 jubet
1377 1013 1391 1036 ,
1409 994 1500 1041 po*

218 1053 307 1105 :stea
342 1051 481 1101 evaIli
499 1088 514 1108 ,
543 1051 703 1097 deinde
732 1050 836 1098 Sole
869 1051 1080 1098 siccatum
1108 1052 1205 1115 pilo
1231 1050 1385 1114 repeti.
1433 1049 1504 1095 Si-

218 1127 316 1180 mili
354 1126 495 1179 modo
536 1126 771 1172 hordeum.
814 1124 958 1185 Hujus
994 1124 1209 1171 sextarios
1246 1135 1320 1167 XX
1359 1119 1499 1184 spargi

219 1199 396 1251 duobus
419 1198 617 1249 ¹sextariis
644 1215 784 1261 aquae.
806 1200 991 1244 Lentem
1009 1209 1182 1247 torrere
1210 1196 1332 1258 prius
1346 1231 1359 1253 ‚
1380 1194 1503 1241 dein·

214 1273 272 1320 de
294 1289 397 1318 erun
427 1269 673 1316 furfuribus
706 1268 866 1315 leviter
893 1269 987 1332 pifi.
1026 1271 1118 1314 Aut
1148 1267 1299 1314 addito
1327 1266 1374 1311 in
1404 1262 1503 1310 sex·

214 1339 357 1399 >tarios
392 1358 466 1391 ΧΧ
497 1344 644 1389 lateris
680 1343 805 1390 crudi
830 1342 1002 1401 frusto,
1035 1344 1085 1389 δε
1117 1358 1264 1389 arenae
1281 1337 1499 1388 semodio.

216 1416 440 1470 Erviliam
468 1415 621 1463 iisdem
654 1414 831 1473 modis,
863 1415 1027 1479 quibus
1061 1415 1239 1464 lentem.
1279 1410 1500 1458 Sesamam

219 1490 269 1541 in
293 1489 434 1539 calida
453 1501 717 1539 maceratam
750 1489 1005 1552 exporrigi:
1035 1488 1194 1534 deinde
1227 1483 1500 1542 confricari,

217 1563 270 1611 &
307 1559 465 1622 frigida
496 1560 671 1622 mergi,
706 1572 755 1605 ut
796 1560 933 1621 paleae
965 1560 1211 1616 fluctuent,
1244 1558 1498 1619 iterumque

218 1629 450 1693 exporrigi
483 1629 531 1680 in
564 1628 667 1679 Sole
697 1628 824 1691 super
844 1629 1004 1676 lintea:
1036 1631 1161 1692 quod
1180 1630 1261 1675 nifi
1290 1627 1498 1677 festinato

215 1704 451 1766 peragatur
467 1738 483 1756 ,
501 1700 652 1751 lurido
675 1700 832 1750 colore
860 1698 1127 1747 mucescere.
1162 1702 1219 1749 Et
1245 1697 1334 1760 ipsa
1353 1709 1502 1743 autem

215 1771 318 1839 quae
352 1774 635 1831 evalluntur‚
664 1773 834 1823 variam
864 1772 1131 1835 pisturarum
1157 1772 1379 1823 rationem
1416 1772 1498 1818 ha-

214 1849 338 1897 bent.
366 1849 483 1899 Acus
499 1857 714 1903 vocatur,
736 1862 836 1895 cum
859 1861 935 1907 per
969 1844 1011 1891 se
1040 1845 1194 1908 pisitur
1219 1844 1339 1910 spica
1355 1881 1370 1901 ,
1394 1856 1496 1890 tan—

215 1937 312 1967 tum
341 1917 574 1971 aurificum
602 1918 657 1969 ad
677 1917 791 1964 usus.
825 1917 872 1969 Si
891 1935 1006 1969 vero
1026 1919 1073 1967 in
1094 1935 1194 1965 area
1217 1917 1374 1970 teritur
1394 1935 1495 1965 cum

214 1993 374 2056 stipula
393 2028 408 2049 ‚v
443 1991 598 2054 palea,
630 2004 680 2041 ut
712 1990 882 2051 majore
914 1992 960 2037 in
1003 2004 1222 2041 terrarum
1258 2002 1412 2052 parte,
1442 1989 1497 2037 ad

211 2060 371 2128 pabula
403 2063 723 2125 jumentorum,
762 2064 878 2115 Milii
897 2101 912 2122 ‚
942 2066 992 2115 δέ
1018 2064 1198 2127 panici,
1226 2065 1288 2111 ·&
1324 2063 1499 2113 sesamae

213 2148 505 2203 purgamenta
535 2136 743 2199 apludam
773 2149 972 2198 vocant,
1009 2140 1059 2189 &
1080 2136 1186 2186 alibi
1217 2136 1313 2185 aliis
1342 2137 1495 2187 nomi-

214 2209 359 2261 nibus.
642 2258 645 2264 s

276 2282 447 2334 XXIV.
475 2280 606 2326 Milio
636 2281 882 2344 Campania
916 2281 1140 2344 praecipue
1172 2282 1361 2345 gaudet,
1388 2280 1491 2343 pul—

209 2365 392 2416 temque
430 2353 662 2400 candidam
696 2372 752 2401 ex
787 2371 842 2401 eo
883 2354 1002 2404 facit.
1030 2356 1100 2402 Fit
1131 2357 1185 2402 &
1213 2354 1340 2417 panis
1373 2370 1491 2416 prae«

210 2427 368 2473 dulcis.
389 2427 686 2476 Sarmatarum
710 2443 895 2490 quoque
909 2438 1060 2489 gentes
1080 2427 1161 2473 hac
1181 2426 1372 2472 maxime
1390 2424 1488 2486 puI-.

208 2510 253 2546 te
285 2499 577 2555 aluntur„&
626 2499 759 2545 cruda
799 2499 930 2545 etiam
962 2499 1134 2556 farina,
1187 2499 1355 2561 equino
1394 2498 1486 2546 lac-
