1653 2797
187 156 239 186 12
446 137 504 183 C.
551 136 810 183 PL1N11
856 137 1230 192 SECUNDI

175 247 281 305 alia,
301 245 482 294 metitur
501 263 511 292 ε
531 243 710 303 fertilis,
732 242 805 291 sed
825 244 1004 292 cibaria.
1027 244 1170 308 Hujus
1190 245 1300 310 folia
1314 282 1328 305 ,
1341 247 1457 297 'ficut

171 318 413 375 labruscae,
444 318 567 380 prius
594 333 727 379 quam
762 315 998 376 decidant,
1022 316 1266 382 sanguineo
1298 318 1454 368 colore

170 402 413 437 mutantur.
467 386 635 434 Evenit
669 387 760 434 hoc
787 389 837 434 &
874 387 1136 451 quibusdam
1173 388 1299 446 aliis,
1324 389 1457 452 peffi-

170 464 233 510 mi
261 462 433 527 generis
463 472 742 526 argumento.
788 461 943 509 Irtiola
978 463 1210 522 Umbriae,
1240 464 1458 510 Mevana·

168 537 293 600 tique
333 538 384 584 &
416 535 585 582 Piceno
624 552 733 598 agro
776 536 1012 598 peculiaris
1040 535 1133 594 est,
1166 536 1454 583 Amiternino

165 608 367 672 pumula.
393 606 549 655 Iisdem
567 608 819 655 hannanica
850 607 990 658 fallax.
1014 609 1102 656 estz
1126 621 1277 656 amant
1305 621 1455 658 tamen

166 698 279 728 eam.
320 674 562 743 Municipii
587 696 725 728 uvam
750 680 956 745 Pompeji
982 683 1170 729 nomine
1201 682 1452 746 appellant,

161 754 373 818 quamvis
395 753 587 802 Clusinis
606 754 925 817 copiofiorem.
957 755 1201 819 Municipii
1219 759 1269 803 δε
1288 756 1453 802 Tibur-

164 836 231 870 tes
265 824 576 888 appellavere,
605 825 812 886 quamvis
838 825 1116 888 oleagineam
1143 843 1289 889 nuper
1320 825 1453 874 inve-

167 898 316 944 nerint
352 915 376 944 a
410 897 696 944 fimilitudine
728 897 882 944 olivae.
930 898 1187 947 Noviffima
1218 898 1313 946 haec
1345 916 1454 946 uva-

164 986 268 1016 rum
302 970 355 1015 ad
383 970 472 1014 hoc
506 980 679 1031 tempus
709 981 884 1032 reperta
920 969 995 1016 est.
1043 970 1332 1018 Vinaciolam
1367 970 1454 1018 soli

162 1056 403 1090 noverunt
419 1043 594 1099 Sabiniff
610 1045 660 1090 &
684 1043 910 1090 Laurenti.
939 1045 1054 1090 Nam
1070 1046 1297 1091 Gauranas
1315 1044 1408 1092 scio
1427 1062 1453 1091 a

151 1116 355 1174 ⁸Falerno
381 1134 489 1180 agro
516 1117 745 1163 translatas
773 1116 937 1164 vocari
964 1118 1196 1175 Falernas,
1220 1118 1452 1166 celerrime

159 1188 331 1252 ‘ubique
361 1190 688 1252 degenerantes.
731 1190 828 1235 Nec
857 1205 952 1234 non
984 1190 1281 1235 Tarentinum
1311 1207 1451 1254 genus

165 1260 304 1324 aliqui
329 1260 474 1307 fecere
489 1297 503 1320 ‚
520 1261 737 1324 praedulci
760 1279 864 1308 uva.
890 1260 1110 1323 Capnias,
1129 1262 1180 1308 &
1200 1261 1452 1309 bucconia-

165 1332 250 1392 tis,
275 1335 325 1381 ὅτ,
350 1334 572 1397 tarrupia‚
590 1332 637 1379 in
656 1332 878 1379 Thurinis
905 1331 1097 1379 collibus
1127 1349 1223 1380 non
1249 1345 1352 1379 ante
1376 1333 1452 1380 de-

165 1419 423 1467 metuntur,
452 1426 586 1472 quam
621 1408 852 1473 gelaverit.
903 1407 1061 1455 Pharia
1093 1409 1286 1472 gaudent
1311 1408 1450 1456 Pisae:

164 1481 342 1528 Mutina
368 1482 570 1528 Prusmia
587 1519 600 1540 ,
623 1483 755 1546 nigro
779 1483 912 1529 acino
928 1518 943 1541 ,
963 1482 1080 1529 intra
1104 1481 1450 1546 quadriennium

165 1554 414 1602 albescente
443 1555 574 1602 vino.
606 1556 797 1612 Mirum,
822 1555 900 1602 ubi
930 1572 1034 1602 cum
1068 1556 1175 1602 Sole
1207 1555 1450 1620 circumagi

163 1646 336 1688 uvam,
365 1647 465 1693 quae
498 1630 559 1676 ob
596 1630 642 1676 id
677 1631 867 1693 streptos
902 1640 1111 1676 vocatur.
1163 1631 1220 1674 Et
1249 1628 1296 1674 in
1328 1629 1450 1676 Italia

165 1703 386 1750 Gallicam
422 1703 621 1766 placere,
649 1716 769 1750 trans
803 1703 938 1767 Alpes
966 1719 1080 1750 vero
1110 1702 1331 1750 Picenam.
1362 1703 1448 1750 Di-

164 1776 233 1823 xit
253 1776 467 1841 Virgilius
484 1778 680 1837 Thafias‚
694 1781 743 1826 &
762 1778 1050 1835 Mareotidas,
1069 1779 1118 1824 &
1138 1778 1301 1840 lageas:
1321 1794 1446 1824 com-

166 1850 399 1914 pluresque
427 1862 630 1899 externas
646 1889 659 1910 ‚
683 1869 785 1916 qur-2
808 1869 903 1898 non
927 1851 1209 1914 reperiuntur
1235 1851 1282 1896 in
1307 1850 1445 1897 Italia.

237 1924 279 1971 8.
308 1925 392 1970 Sed
423 1923 524 1970 sunt
556 1926 798 1971 etiamnum
826 1925 1014 1987 insignes
1044 1941 1158 1981 uva,
1183 1940 1278 1970 non
1304 1923 1447 1980 vino,

168 1997 465 2055 ambrofiaca,
486 1998 697 2045 duracina
711 2034 724 2056 ,
743 1998 833 2044 fine
852 1998 952 2043 ullis
974 1997 1087 2043 vasis
1113 1997 1159 2043 in
1183 1997 1278 2042 vite
1298 1995 1448 2042 serva-

167 2071 269 2118 bilis
286 2090 296 2118 :
316 2084 438 2120 tanta
458 2071 519 2118 est
537 2082 696 2118 contra
717 2071 901 2135 frigora,
918 2070 1064 2126 aestus,
1083 2067 1448 2132 tempestatesque

168 2144 369 2191 firmitas.
414 2146 511 2192 Nec
538 2145 845 2209 orthampelos
871 2145 1039 2208 indiget
1073 2143 1234 2190 arbore
1266 2153 1340 2188 aut
1369 2159 1448 2206 pa-

170 2218 249 2276 lis,
272 2217 362 2280 ipsa
391 2218 434 2265 se
465 2218 708 2266 sustinens:
740 2235 835 2264 non
867 2219 973 2264 item
1007 2216 1250 2285 dgiestylides
1279 2214 1448 2279 digitali

171 2292 426 2354 gracilitate.
467 2292 754 2338 Columbinae
781 2308 804 2337 e
833 2289 1209 2343 racemofiffimis:
1234 2290 1284 2336 &
1306 2287 1445 2351 magis

171 2382 410 2427 purpureae
441 2364 713 2429 cognomine
738 2364 1007 2411 himammiae
1023 2399 1036 2422 a
1059 2362 1242 2428 quando
1263 2377 1358 2407 non
1372 2377 1445 2406 rav

175 2455 347 2498 cemos,
374 2438 446 2487 sed
465 2456 577 2488 uvas
597 2438 703 2486 alias
728 2449 900 2503 gerunt.
933 2440 1044 2484 Item
1069 2435 1346 2500 tripedanea,
1368 2431 1443 2480 cui
