1653 2797
246 147 1242 215 NATUR.H13T0R.L113.Xv11.
1316 161 1401 192 201

205 271 278 303 20.
315 258 433 304 Cato
467 257 520 303 de
553 255 680 303 omni
706 255 876 302 cultura
907 256 1072 302 vitium
1101 255 1162 301 ita
1189 252 1410 317 praecipit.

138 327 291 387 Quam
315 329 556 376 altissimam
582 328 761 374 vineam
788 327 955 385 facito,
976 329 1246 391 alligatoque
1266 325 1405 381 re&e‚

137 398 243 445 dum
271 418 325 447 ne
353 401 542 446 nimium
564 399 865 462 constringas,
886 399 976 446 hoc
994 402 1134 447 modo
1161 417 1259 446 eam
1280 415 1409 446 cura-

137 483 215 518 to:
252 473 407 534 Capita
439 472 601 518 vitium
629 484 781 535 putata
804 471 1123 520 circumfodito
1140 508 1154 530 ,
1183 488 1304 519 arare
1338 470 1407 516 in-

135 543 290 606 cipito,
311 543 445 590 Ultro
467 544 671 606 citroque
690 543 839 590 sulcos
862 557 1105 606 perpetuos
1130 544 1298 590 ducito.
1319 542 1406 587 Vi—

133 626 197 661 tes
227 627 398 663 teneras
427 616 755 679 quamprimum
774 628 1051 680 propagato,
1074 626 1250 663 veteres
1275 631 1407 676 quam

132 686 371 734 minimum
401 688 604 736 castrato.
639 688 822 747 Potius,
854 688 885 735 fi
915 683 1032 751 opus
1057 680 1220 745 fuerit,
1252 685 1409 746 dejici-

130 768 210 816 to,
239 759 517 825 biennioque
553 760 652 824 post
684 761 932 825 praecidito.
977 761 1129 807 Vitem
1173 758 1408 805 novellam

133 832 321 879 resecari
353 846 449 881 tum
476 836 560 882 erit
583 849 785 899 tempus,
806 836 885 882 ubi
906 836 1088 882 valebit.
1121 833 1167 880 Si
1192 832 1327 878 vinea
1352 832 1408 876 ab

132 905 228 952 vite
259 907 431 955 calvata
464 910 573 967 erit,
601 909 749 957 sulcos
774 908 1081 972 interponito,
1103 907 1252 969 ibique
1281 902 1409 950 vivi-

132 979 329 1027 radicem
361 980 508 1027 serito.
551 982 769 1029 Umbram
795 1000 819 1028 a
851 981 978 1028 sulcis
1011 989 1279 1026 removeto:
1309 991 1408 1021 cre-

134 1051 309 1115 broque
335 1052 500 1100 fodito.
533 1056 583 1100 In
607 1055 743 1101 vinea
764 1066 915 1103 vetere
941 1053 1074 1100 serito
1103 1067 1338 1116 ocymum.
1363 1050 1410 1096 Si

133 1142 282 1173 macra
308 1127 393 1173 erit
410 1164 424 1185 ,
452 1128 577 1190 quod
595 1145 782 1192 granum
819 1127 936 1191 capit
964 1144 1020 1173 ne
1046 1126 1208 1173 serito:
1240 1126 1290 1171 &
1319 1124 1409 1170 cir-

134 1215 239 1245 cum
274 1200 419 1262 capita
454 1200 606 1247 addito
637 1200 828 1260 stercus,
864 1202 1034 1264 paleas,
1061 1200 1271 1247 vinaceas
1291 1233 1304 1255 ,
1336 1208 1411 1242 aut

132 1271 300 1335 aliquid
319 1272 548 1318 horumce.
571 1271 662 1319 Ubi
677 1273 812 1319 vinea
832 1272 1042 1332 frondere
1060 1270 1273 1334 coeperit,
1291 1286 1412 1331 pam-

133 1342 306 1405 pinato.
344 1344 507 1390 Vineas
542 1345 748 1391 novellas
776 1341 957 1409 alligato
989 1345 1181 1401 crebro,
1222 1359 1278 1388 ne
1305 1358 1410 1388 cau-

133 1416 187 1462 lis
206 1416 533 1481 praefringatur.
563 1421 620 1464 Et
643 1436 744 1481 quae
763 1418 848 1480 jam
867 1420 915 1465 in
935 1418 1151 1481 perticam
1178 1416 1290 1473 ibit,
1317 1414 1412 1476 ejus

131 1490 373 1554 pampinos
415 1504 597 1538 teneros
637 1492 816 1555 alligato
857 1492 1042 1550 leniter,
1078 1489 1411 1553 porrigitoque.

133 1561 226 1608 Ubi
258 1563 374 1608 recte
413 1563 635 1622 steterint,
663 1563 741 1610 ubi
770 1580 863 1611 uva
897 1563 1022 1611 varia
1053 1562 1151 1608 fieri
1194 1563 1410 1624 coeperit,

133 1634 249 1682 vites
283 1634 516 1699 subligatO.

198 1723 271 1754 21.
289 1706 407 1754 Vitis
434 1707 582 1754 insitio
600 1725 688 1754 una
716 1707 777 1755 est
800 1726 880 1772 per
897 1725 979 1755 ver
995 1744 1008 1767 ‚
1026 1709 1164 1756 altera
1190 1727 1290 1756 cum
1316 1727 1410 1757 uva
1478 1718 1490 1732 ’

132 1778 286 1826 floret:
320 1796 370 1828 ea
396 1780 567 1843 optima
598 1781 671 1828 est.
705 1783 896 1828 Vineam
914 1794 1114 1828 veterem
1136 1782 1168 1828 fi
1199 1783 1247 1828 in
1272 1783 1411 1828 alium

133 1852 288 1900 locum
315 1853 550 1901 transferre
578 1855 709 1902 voles
727 1893 743 1913 ,
770 1856 1002 1902 dumtaxat
1031 1855 1264 1902 brachium
1295 1855 1411 1902 cras-

134 1926 232 1973 sum
248 1927 414 1974 licebit.
439 1930 636 1976 Primum
658 1931 885 1994 deputato,
918 1930 1048 1977 Binas
1071 1946 1264 1994 gemmas
1280 1966 1294 1987 ,
1326 1947 1411 1976 nec

136 1998 326 2062 amplius
354 2000 611 2064 relinquito.
645 2005 713 2049 Ex
739 2003 961 2052 radicibus
982 2002 1096 2049 bene
1127 2002 1330 2050 effoditO.
1356 2005 1413 2049 Et

138 2088 277 2130 cave,
305 2072 473 2119 radices
500 2091 555 2120 ne
591 2073 772 2122 saucies,
807 2078 869 2122 Ita
894 2065 959 2121 uti
984 2074 1146 2134 fuerit,
1167 2075 1332 2138 ponito
1365 2075 1413 2121 in

134 2142 292 2190 scrobe
311 2156 387 2191 aut
411 2146 456 2191 in
476 2144 596 2193 sulco
613 2183 625 2204 ,
646 2147 944 2211 operitoque,
963 2148 1014 2195 ὃ(
1029 2147 1143 2194 bene
1165 2148 1413 2194 occultato.

133 2217 394 2281 Eodemque
424 2219 565 2265 modo
595 2221 776 2266 vineam
804 2220 1007 2279 statuito,
1036 2220 1246 2284 alligato,
1275 2220 1413 2267 flexa-

135 2302 278 2355 toque
296 2292 360 2337 uti
378 2292 543 2352 fuerat,
563 2295 811 2359 crebroque
827 2294 992 2342 fodito.
1015 2297 1247 2360 Ocymum
1260 2331 1273 2354 ‚
1288 2295 1414 2359 quod

137 2366 186 2416 in
207 2366 337 2413 vinea
369 2366 450 2413 seri
477 2367 631 2430 jubet,
654 2370 826 2433 antiqui
858 2370 1142 2434 appellabant
1171 2370 1378 2433 pabulum
1397 2406 1411 2429 ‚

136 2439 306 2489 umbrae
331 2440 527 2506 panem,
553 2443 678 2506 quod
710 2444 941 2491 celerrime
959 2444 1216 2507 proveniat.
