1653 2797
256 185 341 248 178
508 178 1286 229 C.PL1N115ECUND1

248 291 497 357 exprimat,
509 301 584 337 aut
604 289 900 353 comprefl‘um
912 300 1057 337 necet.
1077 289 1181 337 Hoc
1199 287 1389 337 maxime
1404 300 1525 354 praeb'

247 366 501 413 cavendum
515 400 528 422 ‚
543 375 593 409 ut
615 362 862 426 praevalide
882 362 1145 426 accipientis
1162 364 1336 410 ‘trunco'
1356 362 1404 409 in
1426 380 1524 410 me—

246 440 320 485 dia
346 437 491 485 fiffura
510 437 802 501 relinquatur.
820 436 1019 496 Quidam
1046 435 1237 500 vestigio
1262 433 1430 483 fiffurae
1440 435 1524 487 fal-

246 527 300 557 ce
327 510 376 557 in
402 509 573 556 truncis
604 507 748 567 fausto,
767 506 897 554 salice
925 509 1160 572 praeligant
1189 508 1434 572 marginem
1452 507 1524 571 ip-

247 582 355 629 sum.
385 581 540 629 Postea
569 597 738 628 cuneos
771 579 939 643 figunt,
960 580 1223 627 continente
1255 579 1446 627 vinculo
1467 580 1524 626 li-

245 656 464 703 bertatem
497 653 766 701 dehiscendi.
805 653 1030 713 Quaedam
1065 653 1112 698 in
1144 653 1367 716 plantario
1398 653 1527 714 infita

245 728 407 774 eodem
439 728 510 774 die
536 725 877 773 transferuntur.
906 725 950 770 Si
975 724 1159 771 crassior
1189 736 1376 772 truncus
1411 725 1526 772 inse-

247 819 372 850 ratur
390 838 404 861 ,
437 801 553 848 inter
583 800 800 847 corticem
823 800 873 846 &
892 798 1061 861 lignum
1083 796 1214 844 inseri
1241 798 1397 845 melius
1412 834 1426 857 ‚
1444 815 1527 846 cu-

248 893 338 922 neo
359 875 530 937 optime
553 872 702 930 offe0‚
725 887 780 916 ne
806 871 976 918 cortice
1000 880 1236 933 rumpatur
1253 870 1418 917 laxato.
1435 872 1525 917 Ce-

247 948 329 995 rafi
358 948 473 992 libro
498 945 650 990 demto
682 942 927 990 finduntur.
966 943 1046 989 Hae
1076 941 1182 988 solae
1211 945 1261 990 &3
1290 942 1391 1006 post
1417 942 1526 989 bru—

247 1039 366 1069 mam
390 1019 656 1066 inseruntur.
691 1019 864 1065 Demto
888 1018 1007 1064 libro
1033 1018 1199 1064 habent
1223 1017 1368 1063 veluti
1397 1017 1527 1064 lanu-

248 1094 396 1158 ginem
418 1129 431 1152 ,
463 1109 561 1157 quae
592 1091 624 1138 fi
655 1091 998 1154 comprehendit
1033 1091 1213 1137 infitum
1233 1127 1248 1147 ,
1277 1090 1527 1153 putrefacit.

250 1167 482 1215 Incolume
501 1182 650 1213 cuneo
672 1165 874 1211 adactum
891 1165 1115 1211 utiliffime
1135 1164 1434 1228 adstringitur.
1453 1166 1528 1211 In-

248 1241 388 1289 serere
413 1239 681 1304 aptifiimum
707 1256 838 1303 quam
865 1238 1130 1302 proximum
1150 1249 1305 1296 terrae,
1334 1237 1365 1283 fi
1384 1236 1528 1300 patia-

248 1327 323 1361 tur
349 1314 577 1360 nodorum
601 1313 843 1376 truncique
876 1311 1006 1358 ratio.
1037 1310 1245 1356 Eminere
1271 1309 1429 1356 calami
1452 1309 1528 1356 sex

250 1386 492 1450 digitorum
515 1383 797 1448 longitudine
830 1400 923 1429 non
960 1382 1151 1445 amplius
1184 1382 1360 1428 debent.

316 1460 435 1504 Cato
459 1457 624 1520 argillae
640 1492 654 1515 ‚
686 1457 761 1504 vel
788 1467 921 1503 cretae
952 1473 1130 1503 arenam
1146 1491 1160 1513 ‚
1179 1453 1424 1519 fimumque
1441 1454 1528 1501 bu-

251 1532 404 1579 bulum
421 1530 679 1588 admisceri,
700 1541 833 1593 atque
863 1531 923 1576 ita
942 1530 1080 1594 usque
1111 1531 1167 1577 ad
1187 1530 1406 1579 lentorem
1425 1529 1529 1576 sub-

252 1605 313 1668 igi
338 1603 488 1666 jubet,
513 1602 648 1667 idque
666 1602 894 1665 interponi
915 1604 965 1650 δε
986 1602 1252 1648 circumlini.
1271 1604 1338 1647 Ex
1358 1602 1410 1648 iis
1429 1618 1528 1666 quae

254 1686 580 1724 commentatus
614 1672 678 1720 est
697 1709 710 1731 ,
739 1672 869 1719 facile
896 1684 1108 1735 apparet,
1137 1673 1212 1719 illa
1247 1685 1375 1720 aetate
1411 1673 1529 1720 inter

252 1749 423 1811 lignum
459 1749 508 1793 &
533 1745 777 1802 corticem,
805 1762 886 1790 nec
916 1745 1007 1792 alio
1040 1746 1181 1792 modo
1210 1745 1399 1792 inserere
1420 1745 1528 1792 soli-

255 1834 351 1879 tos,
386 1832 461 1867 aut
500 1819 615 1865 ultra
650 1818 928 1864 latitudinem
963 1819 1098 1864 duum
1132 1819 1372 1883 digitorum
1410 1820 1529 1867 cala-

256 1910 355 1940 mos
384 1890 628 1938 demittere.
663 1891 793 1936 Inferi
824 1904 971 1937 autem
998 1892 1202 1955 praecipit
1231 1893 1328 1954 pira
1356 1908 1408 1938 ac
1431 1910 1529 1939 ma-

256 1966 299 2011 la
327 1980 407 2026 per
430 1978 534 2019 ver,
556 1963 605 2008 &
626 1961 726 2024 post
751 1961 984 2009 solstitium
1009 1964 1161 2010 diebus
1178 1977 1228 2023 L,
1247 1966 1296 2012 &
1313 1964 1412 2027 post
1427 1965 1531 2012 vin-

259 2036 464 2082 demiam.
484 2034 620 2080 Oleas
640 2046 785 2080 autem
804 2036 853 2081 δέ
868 2034 976 2082 ficos
994 2053 1074 2099 per
1089 2054 1172 2084 ver
1191 2050 1360 2083 tantum
1373 2073 1387 2096 ‚
1406 2039 1530 2084 Luna

257 2109 431 2155 sitiente
448 2143 463 2165 ‚
489 2108 578 2153 hoc
609 2107 694 2165 est,
727 2108 854 2155 ficca.
890 2111 1105 2156 Praeterea
1136 2109 1235 2173 post
1262 2109 1494 2157 meridiem
1513 2145 1528 2169 ,

256 2199 308 2229 ac
336 2181 426 2227 fine
452 2192 596 2227 vento
621 2180 796 2228 Austro.
831 2183 1022 2241 Mirum,
1051 2184 1176 2247 quod
1207 2199 1302 2228 non
1336 2196 1528 2230 conten-

257 2267 327 2301 tus
359 2252 537 2299 insitum
560 2253 773 2312 munisse,
803 2266 854 2300 ut
883 2254 1045 2300 dicium
1073 2254 1165 2312 est,
1197 2256 1247 2301 &
1280 2253 1441 2317 cespite
1473 2254 1528 2300 ab

184 2354 198 2370 .
260 2328 402 2374 imbre
430 2326 760 2390 fiigoribusque
787 2328 1054 2390 protexisse,
1087 2345 1138 2375 ac
1172 2328 1384 2375 mollibus
1426 2327 1527 2374 bifi-

261 2403 423 2447 dorum
458 2401 682 2448 viminum
720 2400 940 2459 fascibus,
972 2403 1120 2466 lingua
1153 2403 1314 2449 bubula
1350 2401 1527 2466 (herbae

261 2475 308 2520 id
336 2491 474 2539 genus
511 2474 608 2537 est)
642 2474 820 2539 insuper
854 2476 1005 2541 obtegi
1039 2477 1189 2541 jubet,
1219 2493 1404 2540 eamque
1439 2476 1528 2523 illi-
