1653 2797
283 98 1216 175 NATUR.HISTOR.L113.XX.
1321 116 1408 165 393

200 207 401 255 XXXV.
435 209 504 257 Ex
530 207 740 254 omnibus
768 208 963 256 brafficae
988 209 1222 273 generibus
1249 208 1414 256 suavis-

135 278 242 327 fima
258 279 318 325 est
335 297 469 344 cyma
484 316 498 337 ‚
526 279 602 326 etsi
629 279 801 327 inutilis
821 281 1004 331 habetur
1017 317 1031 340 ,
1051 282 1243 330 difficilis
1266 282 1312 330 in
1332 298 1416 329 co-

135 351 350 415 quendo,
384 353 435 399 &
460 351 640 400 renibus
675 354 916 401 contraria.
950 354 1067 403 Illud
1100 371 1287 419 quoque
1319 371 1418 401 non

138 423 200 470 est
232 423 529 471 omittendum
546 460 559 482 ‚
583 441 744 487 aquam
765 424 990 484 decoctae,
1015 425 1070 472 ad
1099 439 1170 474 tot
1197 427 1300 474 usus
1320 427 1418 475 lau-

140 498 311 558 datam,
341 497 501 548 foetere
520 499 646 545 humi
672 497 860 548 effusam.
883 499 1096 561 Stirpium
1119 500 1312 546 brafficae
1330 500 1419 547 ari-

139 571 301 619 dorum
329 570 440 621 cinis
456 607 470 630 ,
502 572 618 618 inter
636 571 826 620 caustica
852 571 1128 635 intelligitur.
1150 572 1221 618 Ad
1249 589 1420 619 coxen-

139 644 296 690 dicum
329 643 512 690 dolores
548 660 650 693 cum
677 643 806 706 adipe
837 643 1033 690 vetusto.
1064 644 1123 689 At
1150 661 1252 691 cum
1285 644 1422 692 lasere

141 720 192 765 &
236 728 367 764 aceto
404 717 452 765 in
480 718 629 765 vicem
662 717 868 783 psilothri
908 718 1069 765 evulfis
1110 718 1249 764 illitus
1285 717 1422 780 pilis,

141 789 262 838 nasci
289 791 404 838 alios
437 791 661 854 prohibet.
693 791 866 838 Bibitur
893 792 944 840 &
970 808 1073 838 cum
1106 791 1213 838 oleo
1247 789 1422 837 subfer-

144 863 344 912 vefaRus
360 890 378 924 ,-
400 866 477 912 vel
505 856 583 929 p⁸er
614 865 657 912 se
683 865 829 912 elixus
847 901 861 923 ,
887 867 943 912 ad
975 865 1194 914 convulsa
1218 867 1268 913 &
1293 878 1426 928 rupta

142 936 262 984 intus
277 973 291 995 ‚
321 937 577 1002 lapsumque
599 956 656 985 ex
676 938 784 986 altO.
814 938 950 985 Nulla
977 955 1084 1002 ergo
1117 937 1216 985 sunt
1237 938 1427 985 crimina

143 1010 376 1057 brafficae?
401 1014 545 1058 Immo
574 1027 689 1059 vero
720 1011 841 1075 apud
871 1010 1051 1058 eosdem
1078 1012 1238 1059 animae
1272 1012 1427 1075 gravi-

144 1095 279 1130 tatem
311 1082 488 1144 facere,
520 1084 725 1132 dentibus
753 1087 803 1134 &
838 1085 1033 1150 gingivis
1068 1103 1278 1134 nocerez·
1301 1088 1352 1134 δε
1379 1086 1428 1132 in

145 1158 350 1221 AEgypto
378 1166 566 1220 propter
597 1159 937 1206 amaritudinem
968 1176 1066 1206 non
1100 1159 1231 1208 estur.

211 1232 431 1279 XXXVI.
451 1231 671 1279 Silvestris
685 1269 699 1292 ,
723 1233 816 1280 five
837 1233 1038 1280 erraticae
1053 1269 1067 1292 ,
1091 1232 1308 1280 immenso
1330 1232 1431 1295 plus

148 1305 323 1353 effeetus
356 1306 504 1353 laudat
528 1308 678 1354 Cato:
716 1307 830 1353 adeo
862 1318 913 1354 ut
938 1306 1071 1352 aridae
1102 1306 1293 1370 quoque
1322 1305 1431 1351 fari-

150 1394 253 1423 nam
281 1378 328 1423 in
348 1377 589 1426 olfactorio
609 1376 843 1424 collectam
857 1413 872 1434 ‚
898 1377 975 1425 vel
996 1377 1141 1423 odore
1159 1388 1332 1423 tantum
1355 1393 1432 1422 na-

148 1449 270 1497 ribus
305 1466 464 1515 rapt0,
494 1452 608 1501 vitia
639 1468 791 1500 earum
817 1449 1262 1514 graveolentiamque
1283 1448 1433 1496 sanare

150 1523 353 1570 affirmet.
383 1525 512 1570 Hanc
531 1523 608 1569 alii
627 1534 835 1585 petraeam
859 1532 1030 1568 vocant
1045 1557 1059 1579 ,
1088 1521 1435 1567 inimiciffimatn

151 1595 266 1640 vino
283 1631 298 1653 ,
321 1613 454 1659 quam
485 1595 708 1658 praecipue
726 1595 839 1641 vitis
861 1593 1030 1657 fugiat:
1061 1604 1136 1640 aut
1158 1592 1190 1638 fi
1211 1610 1306 1639 non
1326 1592 1435 1656 pos-

152 1668 204 1715 sit
230 1668 410 1733 fugere,
442 1670 675 1716 moriatur.
707 1668 832 1715 Folia
850 1669 983 1715 habet
1006 1684 1095 1713 una
1114 1702 1128 1725 ,
1164 1683 1331 1730 parva,
1359 1683 1436 1713 ro-

153 1742 292 1790 tunda
309 1778 323 1800 ,
341 1742 476 1790 laevia
492 1779 506 1801 ,
526 1742 689 1805 plantis
714 1741 850 1787 oleris
873 1740 1059 1787 fimilior
1074 1776 1087 1798 ‚
1118 1739 1353 1787 candidior
1370 1739 1439 1786 sa-

153 1815 250 1862 tiva
267 1851 281 1874 ,
310 1817 362 1863 &
389 1814 611 1864 hirsutior.
649 1816 778 1861 Hanc
796 1813 1106 1860 inflationibus
1125 1812 1317 1871 mederi,
1337 1830 1437 1859 me-

153 1887 422 1934 lancholicis
441 1904 624 1950 quoque
642 1923 656 1947 ‚
676 1903 728 1933 ac
747 1884 1012 1935 vulneribus
1033 1885 1287 1932 recentibus
1299 1921 1313 1944 ,
1333 1902 1437 1932 cum

78 1982 82 1985 ·
154 1959 314 2019 melle,
341 1960 403 2007 ita
423 1976 478 2006 ne
508 1959 742 2006 solvantur
770 1975 871 2005 ante
894 1959 1009 2005 diem
1031 1958 1293 2022 septimum:
1323 1958 1439 2005 stru-

156 2034 266 2093 mis,
281 2032 436 2081 fistulis
453 2070 466 2093 ‚
489 2033 536 2079 in
553 2051 668 2097 aqua
691 2034 958 2092 contritam,
977 2034 1257 2099 Chryssppm
1282 2034 1440 2080 auctor

158 2107 234 2154 est.
255 2109 311 2153 Et
330 2106 404 2152 alii
422 2123 537 2153 vero
558 2105 840 2168 compescere
868 2105 984 2152 mala
1004 2105 1210 2169 corporis
1227 2122 1329 2168 quae
1349 2104 1440 2151 ser-

157 2192 293 2243 pant:
322 2196 480 2227 nomas
505 2190 689 2226 vocant.
726 2181 836 2225 Item
867 2179 1170 2226 excrescentia
1196 2178 1441 2225 absumere*

162 2255 409 2302 Cicatrices
436 2255 490 2301 ad
507 2255 689 2318 planum
707 2255 919 2318 redigere.
939 2254 1044 2301 Oris
1065 2253 1249 2299 hulcera
1268 2254 1317 2298 &
1338 2264 1444 2298 ton-

162 2330 304 2390 fiHas,
333 2331 646 2378 manducatam
682 2331 732 2378 &
762 2331 964 2388 coctam,
997 2329 1133 2376 succo
1168 2329 1442 2392 gargarizato

165 2420 267 2451 cum
293 2400 423 2456 melle
453 2403 626 2454 tollere.
661 2405 771 2455 Item
801 2402 982 2470 psoras,
1005 2401 1214 2466 &lepras
1242 2412 1445 2456 vetere&
