1653 2797
261 113 553 161 NATUR.
585 112 900 160 Hisron.
937 114 1069 160 ΜΒ.
1100 114 1252 162 xix.
1323 127 1423 178 359³

136 214 197 267 ris
230 222 346 284 apud
384 221 598 285 antiquos
628 219 668 266 ei
699 219 799 266 fuit.
839 221 1031 268 Invenio
1065 221 1260 269 mustum
1293 232 1428 267 ruta»-

136 305 232 340 tum
263 296 441 358 populo
474 295 624 341 datum
656 310 681 338 a
701 293 921 339 Cornelio
944 294 1157 359 Cethego
1173 332 1186 354 ,
1221 295 1267 341 in
1287 296 1419 341 Con-2

138 362 279 411 sulatu
309 366 484 429 collega
504 363 685 424 Quintii
709 362 975 423 Flaminini,
1002 366 1197 412 comitiis
1215 365 1421 429 peractis.

135 438 351 485 Amicitia
385 438 447 484 est
479 437 519 483 ei
549 437 599 484 ὅτ,
633 453 737 483 cum
765 435 888 495 fico,
923 437 971 483 in
1002 449 1174 485 tantum
1193 476 1206 494 ,
1243 451 1293 486 ut
1314 439 1424 485 nus=

136 528 273 575 quam
293 510 441 558 laetior
470 510 742 574 proveniat,
763 527 896 574 quam
921 509 998 556 sub
1026 510 1110 557 hac
1132 512 1305 558 arbore.
1340 513 1428 558 Se-ss

137 583 252 632 ritur
280 585 329 631 &
360 584 568 643 surculo,
599 584 760 630 melius
790 584 838 629 in
873 583 1145 647 perforatam
1178 584 1325 632 fabam
1354 585 1424 632 in-

135 655 232 702 dito
249 692 263 715 ,
286 673 386 720 quae
407 656 542 705 succo
570 657 711 704 nutrit
730 655 1158 720 comprehendendo
1181 655 1421 704 surculum.

135 728 305 776 Seritur
340 732 390 777 δε
420 747 445 780 a
471 729 620 793 seipla.
660 731 867 794 Namque
906 730 1149 779 incurvato
1189 730 1424 779 cacumine

133 800 322 864 alicujus
347 802 489 863 rami,
516 820 620 850 cum
645 803 843 867 attigerit
868 815 1055 862 terram,
1081 802 1225 850 statim
1246 803 1430 849 radica--

134 887 225 923 tur.
264 876 430 924 Eadem
455 878 506 924 &
530 877 686 923 ocimo
715 888 901 935 natura,
932 876 1015 923 nifi
1046 878 1171 939 quod
1198 876 1422 946 difficilius

136 951 307 999 crescit.
333 951 416 996 Sed
446 950 602 997 durata
631 962 849 997 runcatur
878 967 976 996 non
1009 949 1100 996 fine
1121 950 1383 997 difficultate
1405 986 1420 1007 ‚

135 1023 374 1087 pruritivis
410 1022 696 1082 hulceribus,
727 1024 775 1069 ni
804 1024 988 1072 munitis
1018 1024 1224 1070 manibus
1252 1023 1298 1070 id
1318 1022 1422 1080 fiat,

137 1096 308 1144 oleove
336 1095 542 1143 defensis.
587 1096 864 1144 Conduntur
898 1112 1047 1144 autem
1075 1098 1125 1145 &
1157 1095 1251 1159 ejus
1285 1096 1427 1155 folia,

136 1167 461 1232 servanturque
484 1167 720 1215 fasciculis.

202 1243 364 1290 XLVI.
398 1242 468 1288 Ab
489 1241 767 1305 aequinoffio
794 1258 942 1288 verno
972 1242 1130 1290 seritur
1158 1242 1332 1306 apium,
1357 1241 1424 1288 se-

137 1317 259 1363 mine
289 1314 520 1379 paululum
557 1315 605 1361 in
638 1315 727 1377 pila
757 1315 947 1378 pulsato,
994 1315 1195 1378 Crispius
1237 1315 1296 1362 sic
1337 1333 1422 1378 pu-

137 1401 236 1437 tant
272 1388 402 1447 fieri,
439 1400 515 1434 aut
550 1388 582 1434 fi
621 1387 761 1435 satum
807 1388 1006 1436 calcetur
1038 1389 1251 1454 cylindro
1295 1388 1431 1451 pedi--

138 1462 296 1513 busve.
328 1460 566 1523 Proprium
593 1460 664 1519 ei,
692 1461 816 1523 quod
840 1460 1045 1521 colorem
1065 1472 1220 1508 mutat.
1259 1461 1424 1506 Honos

136 1535 221 1598 ipsi
248 1535 295 1582 in
326 1532 520 1595 Achaja,
558 1550 780 1581 coronare
809 1533 1002 1581 &tiores
1031 1532 1141 1579 sacri
1169 1530 1436 1580 certaminis.

137 1609 336 1656 Nemeae.

203 1682 381 1729 XLVII.
415 1681 591 1728 Eodem
624 1692 830 1742 tempore
865 1678 1029 1726 seritur
1051 1690 1201 1725 menta
1238 1678 1434 1742 planta

138 1755 218 1802 vel
245 1755 278 1803 fi
306 1756 510 1803 nondum
535 1755 781 1820 germinat,
800 1754 1002 1818 spongia.
1039 1754 1191 1800 Minus
1220 1753 1315 1801 haec
1345 1754 1428 1800 hu·-

140 1827 268 1875 mido
308 1828 481 1892 gaudet.
519 1828 683 1877 AEstate
714 1829 862 1886 viret,
898 1827 1044 1873 hieme
1077 1825 1292 1875 flavescit.
1329 1829 1426 1872 Ge·-

142 1916 229 1946 nus
255 1897 350 1961 ejus
369 1899 567 1947 silvestre
588 1899 877 1947 mentastrum
890 1898 967 1946 est.
1001 1899 1173 1946 Ethoc
1199 1916 1426 1963 propaga—-

142 1984 218 2018 tur
236 2007 250 2030 ,
276 1983 325 2018 ut
356 1972 464 2020 vitis
483 2008 497 2031 ‚
533 1973 610 2019 vel
644 1973 675 2019 fi
707 1972 873 2021 inversi
902 1971 1011 2018 rami
1042 1969 1255 2018 serantur.
1290 1973 1425 2018 Men-

142 2054 201 2089 tae
233 2060 401 2090 nomen
434 2042 623 2091 suavitas
656 2044 814 2091 odoris
844 2044 964 2107 apud
984 2046 1171 2090 Graecos
1199 2043 1439 2102 mutavit,

144 2135 247 2167 cum
268 2117 441 2181 alioqui
469 2118 640 2166 mintha
662 2131 925 2178 vocaretur,
946 2119 1064 2165 unde
1086 2131 1259 2166 veteres
1283 2118 1427 2164 nostri

144 2206 314 2237 nomen
338 2189 693 2238 declinaverunt.
729 2193 881 2237 Grato·
896 2203 1046 2238 menta
1075 2189 1244 2237 mensas
1276 2190 1423 2237 odore

146 2261 370 2324 percurrit
399 2262 446 2307 in
479 2262 652 2310 rusticis
684 2262 881 2325 dapibus.
921 2261 1060 2308 Semel
1100 2261 1224 2319 sata,
1251 2260 1440 2308 diutinas.

149 2345 277 2380 aetate
298 2334 440 2380 durat.
472 2335 697 2399 Congruit
716 2334 897 2398 pulegio
912 2370 926 2392 ,
949 2333 1076 2387 cuius
1101 2345 1255 2380 natura
1270 2332 1321 2380 in
1333 2350 1443 2379 car-n

115 2406 286 2475 “nariis
317 2406 603 2456 reflorescens
638 2407 794 2472 saepius
831 2409 946 2456 dicta
983 2408 1057 2455 est.
1096 2409 1207 2454 Haec
1242 2424 1444 2472 quoque

1084 2482 1119 2527 Z
1157 2499 1194 2541 ›iv
