1653 2797
241 225 344 273 “180
548 223 602 270 c,
644 206 888 268 PLINH
933 221 1302 270 sEcuNm

253 350 353 380 cum
376 331 638 380 evaluissent
668 330 837 393 flagella
868 331 1001 392 pedes
1020 330 1151 377 binos
1167 366 1183 390 ‚
1210 329 1443 377 vinculum
1463 330 1531 378 in-

251 404 320 452 fiti
340 404 636 460 incideretur,
669 403 858 450 ubertati
896 403 1175 450 craffitudine
1201 402 1417 466 permiffa.
1448 404 1533 451 Vi-

253 477 372 523 tibus
402 475 642 523 inserendis
667 488 841 538 tempus
881 476 1039 521 dedere
1067 476 1121 522 ab
1150 474 1424 539 aequinofflo
1450 491 1532 521 au-

252 553 412 595 tumno
445 549 499 594 ad
524 547 864 612 germinationis
893 547 1038 594 initia.
1071 548 1233 594 Sativae
1263 548 1427 610 plantae
1458 546 1533 594 fil-

253 622 466 669 vestrium
488 622 710 670 radicibus
741 622 995 668 inseruntur
1013 632 1171 667 natura
1189 621 1462 668 siccioribus.
1487 620 1534 667 Si

253 695 404 743 sativae
436 695 706 743 silvestribus
741 695 1016 752 inserantur,
1048 695 1316 758 degenerant
1348 696 1394 741 in
1426 695 1561 741 feri-.

255 780 404 817 tatem.
437 770 628 834 Reliqua
648 769 760 816 caelo
789 768 1009 814 constant.
1045 767 1273 829 Aptiffima
1296 767 1434 814 infitis
1454 769 1532 816 fic-

260 843 384 890 citas.
417 843 558 904 Hujus
588 841 707 887 enim
731 839 976 886 remedium
1000 838 1211 901 appositis
1228 837 1435 896 fiffilihus
1449 857 1533 888 va·-

254 917 307 962 fis
343 917 549 962 modicus
582 915 748 960 humor
776 930 855 975 per
889 912 1083 959 cinerem
1113 910 1336 959 distillans.
1366 915 1533 960 [nocu-

257 990 365 1037 latio
395 1005 520 1035 rores
554 999 671 1034 amat
704 987 841 1033 leves.

319 1064 492 1110 XXVI.
529 1062 764 1124 Emplastri
793 1061 909 1107 ratio
935 1061 984 1108 &
1017 1059 1106 1122 ipsa
1135 1078 1191 1107 ex
1221 1059 1533 1108 inoculatione

255 1149 358 1184 nata
390 1136 535 1182 videri
570 1136 727 1198 potest.
766 1135 921 1182 Craffo
956 1147 1102 1180 autem
1140 1135 1333 1181 maxime
1369 1134 1532 1181 cortici

254 1213 508 1270 convenit,
532 1211 644 1258 ficut
676 1210 737 1256 est
766 1207 872 1256 ficis.
910 1211 1030 1273 Ergo
1057 1208 1292 1271 amputatis
1321 1209 1532 1255 omnibus

255 1288 389 1334 ramis
408 1323 421 1344 ,
456 1303 511 1332 ne
546 1284 726 1332 succum
761 1296 986 1339 avocent,
1014 1282 1268 1329 nitidiffima
1301 1283 1349 1329 in
1377 1293 1498 1345 parte
1517 1317 1533 1341 ,

257 1374 438 1421 quaque
473 1355 699 1419 praecipua
730 1367 935 1402 cernatur
965 1355 1189 1413 hilaritas,
1226 1367 1399 1402 exemta
1434 1354 1534 1401 scu-

255 1431 348 1477 tula
376 1430 464 1488 (ita
497 1446 552 1474 ne
583 1428 814 1475 descendat
845 1428 960 1475 ultra
995 1427 1188 1492 ferrum)
1223 1428 1412 1485 cortici,
1444 1427 1531 1474 im-

256 1502 539 1565 primitur-“ex
558 1500 644 1546 alia
662 1512 819 1546 cortex
844 1518 948 1561 par,
967 1518 1069 1548 cum
1087 1502 1149 1547 sui
1166 1500 1375 1564 germinis
1393 1517 1533 1547 mam-

256 1592 356 1621 ma:
392 1574 449 1620 fic
487 1589 701 1635 compage
733 1571 937 1630 densata,
971 1586 1020 1619 ut
1045 1575 1241 1621 cicatrici
1271 1574 1400 1620 locus
1435 1590 1532 1620 non

257 1648 338 1704 fit,
368 1649 417 1694 &
447 1645 590 1692 statim
619 1643 694 1690 fiat
726 1644 897 1702 unitas,
931 1661 1015 1691 nec
1045 1645 1278 1691 humorem
1299 1682 1316 1702 ,
1354 1661 1437 1692 nec
1464 1644 1531 1691 af-

200 1708 205 1712 *
254 1718 410 1764 flatum
441 1716 687 1778 recipiens:
734 1715 1028 1762 nihilominus
1061 1729 1209 1762 tamen
1237 1718 1286 1764 &
1315 1716 1411 1764 luto
1432 1735 1531 1764 mu-

255 1792 384 1849 nire,
419 1792 468 1838 &
497 1787 686 1836 vinculo
721 1788 895 1835 melius.
931 1789 1033 1836 Hoc
1063 1807 1198 1853 genus
1231 1805 1326 1836 non
1357 1790 1533 1852 pridem

254 1877 480 1927 repertum
511 1863 704 1919 volunt,
740 1862 816 1925 qui
850 1862 986 1909 novis
1009 1863 1210 1910 moribus
1241 1864 1411 1910 favent.
1445 1865 1531 1911 Sed

254 1939 301 1985 id
328 1938 461 1984 etiam
493 1935 612 1999 apud
638 1949 814 1981 veteres
837 1936 1026 1982 Graecos
1051 1936 1310 1993 invenitur,
1339 1937 1389 1983 &
1411 1937 1530 1999 apud

253 2013 476 2058 Catonem
492 2045 505 2066 ,
525 2008 602 2072 qui
619 2007 764 2053 oleam
783 2006 1006 2071 ficumque
1026 2009 1082 2055 sic
1105 2008 1236 2055 inseri
1254 2009 1531 2070 juffit,men-

256 2081 356 2128 sura
391 2080 520 2126 etiam
549 2078 766 2141 praefinita
806 2078 1050 2127 secundum
1081 2081 1298 2145 reliquam
1338 2081 1529 2146 diligen-

255 2154 364 2199 tiam
400 2152 541 2198 suam:
583 2151 775 2198 cortices
808 2151 982 2215 scalpro
1011 2153 1157 2200 excidi
1193 2165 1386 2217 quatuor
1420 2154 1530 2219 digi-

253 2237 406 2271 torum
434 2222 712 2286 longitudine
733 2260 746 2281 ,
781 2226 829 2271 &
855 2225 989 2271 trium
1014 2225 1248 2272 latitudine
1267 2262 1281 2285 ‚
1311 2238 1442 2292 atque
1468 2227 1529 2273 ita

254 2296 578 2361 coagmentari,
605 2298 655 2343 ὃς
686 2297 759 2342 illa
787 2296 859 2344 sua
892 2298 1044 2345 intrita
1077 2300 1245 2347 oblini:
1282 2301 1435 2347 eadem
1453 2316 1527 2346 ra-

253 2372 379 2417 tione
412 2373 460 2417 &
488 2370 531 2414 in
561 2369 696 2415 malo.
1460 2416 1464 2419 μ

320 2444 516 2504 Quidam
542 2443 646 2489 huic
682 2444 830 2506 generi
864 2443 1075 2491 miscuere
1110 2444 1301 2492 fissuram
1336 2444 1383 2490 in
1415 2444 1527 2491 viti-

252 2518 361 2578 bus,
388 2528 561 2566 exemta
592 2517 753 2565 cortici
785 2517 978 2578 tessella,
1011 2518 1189 2567 surculo
1221 2537 1245 2567 a
1271 2518 1404 2566 latere
1435 2518 1530 2582 pla-
