1653 2797
230 154 316 215 373
477 153 532 200 e.
579 154 833 199 PLINM
879 151 1242 205 securim

224 260 339 307 taffis
364 260 473 309 voci
492 275 667 308 vnocere
700 260 839 327 aliqui
865 262 1160 312 tradiderunt.
1188 264 1315 313 Folia
1335 268 1500 331 quaein

223 333 439 398 oblongis
466 334 695 382 dumtaxat
724 334 991 394 nascuntur,
1024 336 1223 384 excitare
1256 340 1500 389 oculorum

222 407 364 453 aciem
400 407 623 456 dicuntur.
661 408 755 455 Ubi
783 426 898 456 vero
925 410 1076 456 acrior
1099 411 1286 474 raphani
1313 413 1501 461 medici-

222 498 279 527 na
306 482 487 529 admota
511 483 592 542 fit,
620 483 866 548 hyssopum
899 483 993 530 dari
1024 484 1234 547 protinus
1262 485 1500 548 imperant:

223 556 328 602 Haec
361 556 604 620 antipathia
639 555 711 602 est.
761 558 821 603 At
855 555 1031 602 aurium
1067 556 1277 619 gravitati
1315 556 1498 605 succum

221 627 404 690 raphani
433 629 659 676 instillant.
696 630 813 675 Nam
830 627 1075 676 vomituris
1097 627 1271 676 summo
1289 630 1395 678 cibo
1414 630 1501 678 effe

221 717 300 748 eos
318 739 331 759 ‚
360 702 630 748 utiliffimurn
660 701 735 748 est.

303 777 426 822 XIV.
460 775 699 822 pastinacae
732 771 872 820 simile
902 772 1120 820 hibiscum
1139 809 1154 831 ‚
1187 773 1312 837 quod
1342 773 1498 822 molo·-

220 846 337 893 chen
369 847 534 910 agriam
554 856 756 902 vocant,
785 847 835 892 &
859 844 1000 909 aliqui
1025 845 1371 908 pistolochiam‚
1401 847 1501 893 hul-

222 919 395 965 ceribus
423 917 693 981 cartilaginis
724 919 775 966 &
799 918 964 964 offibus
994 918 1140 966 fraffis
1163 919 1379 966 medetur.
1409 922 1500 966 Fo-

223 995 279 1041 lia
303 993 398 1054 ejus
426 1011 483 1040 ex
508 1010 622 1056 aqua
639 1004 748 1056 pota
766 991 919 1039 alvum
937 992 1148 1052 solvunt,
1164 993 1386 1056 serpentes
1405 994 1501 1041 abi-

221 1080 344 1132 gunt.
385 1069 557 1131 Apum,
588 1066 853 1130 vesparum,
890 1065 1163 1113 crabronum
1197 1065 1354 1112 iecibus
1385 1066 1500 1113 illita

221 1143 471 1188 medentur.
499 1140 713 1187 Radicem
748 1138 845 1200 ejus
870 1150 970 1185 ante
999 1138 1114 1186 Solis
1143 1150 1295 1186 ortum
1323 1151 1499 1187 erutam

222 1214 602 1261 involvunt‘lana
642 1213 844 1269 coloris,
882 1228 1015 1275 quem
1056 1211 1261 1258 nativum
1291 1225 1500 1271 vocant,

220 1300 437 1350 praeterea
475 1288 581 1338 ovis
616 1304 716 1350 quae
750 1285 962 1332 feminam
997 1285 1202 1347 peperit,
1237 1284 1501 1348 strumisque

223 1362 298 1407 vel
326 1361 574 1425 suppuratis
602 1360 798 1425 alligant.
830 1359 1030 1420 Quidam
1048 1359 1104 1406 ad
1127 1358 1246 1407 hunc
1272 1359 1399 1407 usum
1415 1377 1501 1407 au-

221 1453 278 1482 ro
307 1437 601 1483 effodiendam
629 1435 839 1484 censent:
874 1435 1217 1498 cavendumque
1245 1451 1302 1481 ne
1333 1448 1501 1481 terram-

223 1509 424 1573 attingat.
456 1510 611 1556 Celsus
641 1512 691 1556 &
714 1508 924 1571 podagris
944 1525 1043 1571 quae
1067 1507 1158 1553 fine
1187 1518 1365 1554 tumore
1389 1506 1498 1566 sint,

224 1584 418 1630 radicem
448 1582 540 1644 ejus
569 1600 624 1629 ex
651 1582 765 1628 vino
795 1581 1023 1627 deco&am
1043 1580 1220 1643 imponi
1238 1580 1378 1641 jubet.

287 1657 390 1703 XV.
418 1655 619 1702 Alterum
641 1669 781 1718 genus
809 1652 870 1698 est
888 1652 1195 1716 staphylinos‚
1220 1653 1346 1716 quod
1366 1652 1503 1715 pasti-

226 1745 381 1774 nacam
397 1744 581 1775 vocant.
599 1727 705 1789 Ejus
723 1726 868 1772 semen
891 1724 1136 1771 contritum
1149 1725 1199 1772 &
1217 1724 1264 1770 in
1281 1724 1396 1772 vino
1413 1742 1501 1788 po·-

226 1815 318 1848 tum
331 1839 344 1859 ‚
365 1814 608 1849 tumentem
635 1801 787 1847 alvum
802 1836 815 1857 ‚
836 1801 887 1847 &
903 1799 1218 1846 suffocationes
1235 1799 1504 1859 mulierum,

226 1876 494 1941 doloresque
528 1876 638 1923 lenit
667 1875 714 1921 in
750 1885 921 1921 tantum
942 1909 957 1931 ,
988 1884 1038 1919 ut
1069 1873 1234 1920 vulvas
1270 1873 1497 1937 corrigat:

226 1949 388 1995 illitum
421 1965 605 2012 quoque
636 1965 660 1994 e
692 1947 814 2011 paffo
844 1946 995 1994 ventri
1017 1963 1168 1992 earum
1188 1946 1357 2009 profit:
1385 1947 1499 1994 viris

228 2039 344 2069 vero
376 2022 583 2084 prodest,
620 2039 721 2069 cum
750 2020 876 2083 panis
906 2019 1120 2082 portione
1153 2037 1278 2083 aequa
1311 2019 1500 2078 tritum,

228 2112 284 2140 ex
314 2095 429 2141 vino
466 2107 625 2157 potum
660 2105 819 2141 contra
852 2091 1023 2138 ventris
1055 2091 1251 2137 dolores.
1289 2091 1418 2137 Pellit
1448 2092 1502 2140 &

227 2167 400 2213 urinam
419 2185 431 2213 :
461 2169 509 2215 &
527 2167 818 2230 phagedaenas
846 2164 1080 2211 hulcerum
1100 2163 1204 2210 fistit
1227 2180 1381 2210 recens
1397 2180 1501 2210 cum

228 2241 363 2287 melle
380 2241 637 2304 impositum
651 2277 663 2299 ‚
683 2240 759 2286 vel
779 2239 951 2286 aridum
972 2233 1113 2283 farina
1132 2235 1386 2299 inspersum.
1407 2237 1505 2282 Ra·-

231 2316 376 2362 dicem
403 2315 496 2376 ejus
524 2314 755 2362 Dieuches
788 2323 947 2358 contra
983 2309 1225 2372 iocineris,
1261 2326 1311 2356 ac
1339 2309 1465 2355 lienis
1483 2343 1503 2366 ,Ἰ

231 2388 358 2434 ilium
372 2425 388 2446 ,
408 2388 694 2441 lumborum,
729 2387 777 2432 &
796 2401 951 2431 renum
973 2383 1084 2429 vitia
1102 2419 1116 2442 ,
1149 2400 1205 2429 ex
1227 2399 1341 2447 aqua
1364 2379 1506 2428 mulsa

233 2461 325 2506 dari
357 2460 494 2523 jubet.
540 2459 846 2524 Cleophantus
871 2459 922 2505 &
950 2456 1242 2522 dysentericis
1261 2455 1507 2505 veteribus,
