1653 2797
201 214 286 260 130
451 200 801 245 emtum
851 200 1227 248 silenum

195 319 343 354 totum
375 325 398 354 e
430 324 561 355 carne
597 323 763 370 corpus
803 306 907 354 fico.
948 306 1069 354 Tota
1107 308 1223 355 offea
1262 307 1324 356 est
1359 308 1480 368 ilex,

195 397 365 427 cornus
383 416 398 437 ‚
437 380 602 438 robur,
638 379 806 443 cytisus
824 416 837 438 ‚
869 396 1023 428 morus
1040 417 1053 439 ‚
1092 381 1257 428 ebenus
1272 417 1286 440 ‚
1320 381 1442 428 lotos
1460 416 1477 441 ,

194 457 245 499 'oc
271 470 372 515 quae
409 453 498 500 sine
526 454 722 500 medulla
751 453 835 500 effe
863 453 1074 501 diximus.

269 525 443 571 Ceteris
472 524 698 589 nigricans
731 525 878 572 color,
912 524 1053 572 Fulva
1089 541 1257 573 cornus
1277 560 1290 584 ‚
1320 525 1368 571 in
1401 540 1480 572 ve-

195 599 370 645 nabulis
412 598 551 655 nitet,
584 596 786 644 incisuris
828 597 994 643 nodata
1030 611 1218 661 propter
1254 599 1481 645 decorem.

195 672 394 729 Cedrm,
414 673 464 718 &
487 670 627 728 larix,
652 672 701 718 &
721 668 951 732 juniperus
977 670 1154 716 rubent.
1188 670 1323 717 Larix
1348 669 1480 717 femi—

194 763 252 792 na
284 744 447 801 habet,
473 758 610 807 quam
645 742 796 789 Graeci
821 754 992 788 vocant
1023 742 1189 805 aegida,
1216 743 1364 790 mellei
1398 759 1482 790 co-

194 818 320 862 loris.
364 819 606 862 Inventum
638 815 699 860 est
731 815 953 876 pi&orum
990 814 1162 861 tabellis
1195 815 1482 875 immortale,

194 890 418 953 nullisque
446 889 568 935 fiffile
594 888 741 946 rimis,
764 888 854 934 hoc
877 889 1064 952 lignum.
1099 888 1363 935 Proximum
1388 905 1484 936 me-

195 964 330 1010 dullae
363 962 439 1009 est.
491 965 541 1008 In
572 960 715 1008 abiete
741 961 898 1008 leuson
932 961 1085 1009 Graeci
1113 974 1299 1009 vocant.
1344 961 1484 1009 Cedri

194 1051 384 1100 quoque
419 1033 643 1081 cluriflima
665 1069 679 1092 ‚
710 1051 812 1097 quae
847 1034 1053 1081 medullae
1086 1034 1324 1097 proxima,
1350 1045 1402 1081 ut
1435 1034 1483 1080 in

194 1125 395 1171 corpore
425 1107 544 1165 offa,
569 1106 722 1153 deraso
748 1107 899 1159 ,modo
937 1107 1062 1153 limo.
1101 1110 1157 1153 Et
1185 1107 1378 1154 sambuci
1410 1107 1484 1154 in-

195 1182 365 1230 teriora
396 1181 508 1227 mire
537 1179 666 1226 firma
693 1181 948 1227 traduntur.
992 1182 1198 1243 Namque
1231 1180 1310 1244 qui
1338 1195 1482 1227 vena-

196 1252 305 1299 bula
337 1269 394 1299 ex
431 1268 481 1298 ea
517 1251 716 1309 faciunt,
749 1250 997 1314 praeferunt
1035 1251 1270 1299 omnibus:
1307 1252 1483 1299 constat

197 1325 318 1370 enim
349 1342 404 1371 ex
434 1336 534 1371 cute
561 1326 610 1372 &
637 1324 816 1372 offibus.

263 1401 475 1446 LXXIV.
499 1399 625 1445 Caedi
642 1397 970 1462 ‘tempestivum
997 1415 1098 1462 quae
1125 1397 1482 1459 decorticentur,

199 1485 252 1518 ut
271 1484 457 1530 teretes,
489 1471 544 1518 ad
567 1471 731 1532 templa
755 1482 989 1534 ceteraque
1014 1470 1116 1517 usus
1146 1471 1357 1530 rotundi,
1378 1488 1483 1520 cum

199 1545 451 1609 germinant
468 1580 483 1602 ,
502 1544 607 1590 alias
628 1545 796 1591 cortice
824 1544 1148 1602 inextricabili,
1177 1547 1226 1592 δε
1245 1546 1362 1592 carie
1378 1545 1483 1593 sub-

200 1617 409 1665 nascente
436 1617 502 1674 ei‚
521 1616 789 1680 materiaque
819 1615 1107 1679 nigrescente.
1149 1617 1297 1680 Tigna
1316 1619 1365 1665 δέ
1383 1618 1483 1682 qui-

199 1691 282 1737 lius
301 1689 445 1736 aufert
464 1689 622 1736 securis
647 1689 862 1735 corticem
875 1726 887 1747 ‚
907 1706 931 1735 a
950 1688 1107 1735 bruma
1126 1689 1181 1735 ad
1202 1690 1478 1737 Favonium:

200 1777 277 1810 aut
305 1763 336 1809 fi
358 1763 607 1825 praevenire
625 1779 840 1826 cogamur
854 1799 868 1821 ,
893 1762 1071 1808 Ar&uri
1092 1761 1284 1822 occasu,
1311 1765 1362 1811 ὃς
1379 1777 1482 1811 ante

201 1854 307 1883 eum
324 1836 534 1883 Fidiculae
557 1855 566 1883 :
587 1834 824 1882 noviffima
849 1834 1023 1880 ratione
1039 1870 1052 1892 ‚
1071 1834 1273 1883 solstitiO.
1296 1836 1408 1884 Dies
1426 1837 1480 1883 fi—

202 1911 361 1956 derum
390 1910 556 1955 horum
586 1909 794 1954 reddetur
824 1906 903 1954 suo
929 1907 1049 1954 loco.
1090 1907 1244 1970 Vulgo
1276 1906 1374 1956 satis
1394 1927 1480 1972 pu-

201 1995 300 2028 tant
333 1980 606 2037 observare,
639 1996 695 2025 ne
729 1996 816 2043 qua
858 1978 1107 2025 dedolanda
1143 1979 1276 2026 arbos
1309 1979 1477 2029 sterna—

199 2070 273 2102 tur
308 2068 410 2102 ante
442 2055 585 2101 editos
618 2054 719 2100 suos
750 2052 933 2100 frustus.
972 2054 1132 2100 Robur
1161 2070 1270 2100 vere
1296 2054 1478 2114 caesum,

199 2130 447 2176 teredinem
466 2128 625 2174 sentit:
657 2129 813 2174 bruma
839 2139 1013 2186 autem,
1033 2144 1177 2190 neque
1198 2125 1376 2188 viatur,
1399 2147 1479 2177 ne·-

200 2221 288 2263 cgue
325 2202 578 2267 pandatur,
609 2201 713 2248 alias
751 2202 1006 2247 obnoxium
1027 2201 1161 2248 etiam
1186 2216 1236 2248 ut
1270 2215 1478 2268 torqueat

202 2278 290 2324 ieie
310 2276 560 2333 fiudatque:
596 2275 718 2338 quod
751 2276 796 2321 in
825 2275 978 2321 subere
1005 2273 1268 2336 tempestive
1295 2292 1478 2340 quoque

201 2349 315 2397 caeso
341 2341 517 2397 evenit.
556 2348 783 2395 Infinitum
806 2347 1008 2394 refert&
1036 2347 1201 2395 lunaris
1231 2349 1374 2396 ratio:
1395 2366 1477 2395 nec

202 2424 282 2469 nisi
311 2441 332 2469 a
369 2423 579 2469 vicesima
613 2422 658 2467 in
699 2421 962 2467 tricesimam
998 2421 1108 2467 caecli
1145 2421 1325 2469 volunt.
1358 2423 1479 2467 Inter

201 2513 359 2545 omnes
390 2512 500 2544 vero
526 2495 772 2555 convenit,
804 2494 1025 2541 utiliffime
1043 2494 1089 2542 in
1111 2494 1237 2543 coitu
1258 2495 1349 2558 ejus
1367 2494 1478 2542 ster-
