1653 2797
282 139 571 188 NATUR.
606 137 924 186 HISTOR.
960 140 1283 188 LIB.X1V.
1386 159 1444 207 29

157 264 269 296 mox
303 247 440 312 paulo
475 244 782 293 indicabimus.
821 247 971 294 Graeci
991 264 1106 294 vero
1139 249 1189 295 &
1216 248 1305 296 alio
1339 267 1446 297 mo-

160 321 236 371 do.
289 319 441 368 Ramis
473 316 636 364 teneris
673 334 775 363 cum
810 316 894 364 suis
927 318 1047 365 foliis
1082 319 1128 365 in
1164 320 1269 368 albo
1301 324 1450 371 musto

153 393 355 440 decoffis
372 429 385 450 ‚
414 391 547 448 rufis,
578 390 737 437 libram
766 389 813 435 in
842 391 982 437 tribus
1012 393 1142 439 musti
1174 384 1346 458 congiis
1372 398 1452 444 dc-

161 463 486 522 servefaciunt‚
521 463 667 509 donec
699 462 792 508 duo
830 462 1060 526 supersint.
1110 466 1250 525 Quod
1281 469 1348 525 ita:
1374 470 1450 516 fil-

163 537 317 586 vestris
352 536 491 600 myrti
520 536 666 582 baccis
696 533 868 580 *faestum
901 535 988 595 est,
1022 528 1450 601 myrtidamunvo—

161 622 315 659 catur:
350 610 441 656 hoc
479 626 635 655 manus
669 609 816 673 tingit.

244 700 288 743 4.
324 684 393 728 Ex
422 682 487 729 his
525 699 624 747 quae
659 682 706 728 in
743 681 888 728 hortis
924 679 1169 745 gignuntur
1202 683 1253 732 fit
1289 687 1452 738 vinum

97 806 101 810 ,
160 773 186 804 e
218 755 393 814 radice,
417 754 629 819 asparago
650 790 663 813 ,
690 754 864 814 cunila,
893 753 1084 817 origano
1104 791 1117 813 ,
1139 756 1228 819 apii
1256 757 1452 821 semine,

163 830 393 877 abrotono
407 865 420 887 ,
442 828 683 875 mentastro
697 865 711 885 ,
737 841 835 875 ruta
850 864 863 886 ,
881 840 1041 890 nepeta
1056 864 1070 885 ,
1091 828 1318 898 serpyllo,
1338 831 1452 881 mar-

165 901 314 948 rubio.
355 900 618 963 Manipulos
652 899 786 948 binos
818 899 1022 947 condunt
1040 898 1086 944 in
1108 902 1418 951 cadummusti
1438 943 1453 964 ‚

165 976 214 1021 &
242 972 354 1035 sapae
389 971 631 1018 sextarium
649 1008 662 1030 ,
696 973 745 1018 &
773 987 901 1035 aquae
926 971 1110 1017 marinae
1143 972 1383 1024 heminam.
1417 981 1457 1039 E

163 1046 291 1109 napis
320 1044 370 1092 fit
391 1083 404 1105 ,
427 1046 570 1092 duum
595 1046 882 1092 denariorum
904 1046 1106 1108 pondere
1137 1047 1351 1098 sextarios
1381 1037 1465 1099 hi-'

165 1135 250 1166 nos
286 1119 416 1165 musti
443 1120 627 1166 addito:
663 1118 770 1165 item
806 1135 830 1165 e
857 1117 989 1164 scillae
1021 1120 1181 1168 radice.
1220 1124 1338 1170 Inter
1369 1125 1454 1173 flo-

164 1210 233 1239 res
278 1208 336 1238 ex
381 1191 494 1237 rosae
539 1191 660 1238 foliis
703 1191 808 1237 tusis
853 1191 900 1237 in
937 1190 1129 1238 linteolo
1174 1194 1221 1240 in
1263 1197 1456 1245 mustum

167 1267 376 1325 collatis,
407 1284 509 1313 cum
545 1265 858 1329 pondusculo,
893 1276 942 1311 ut
976 1266 1110 1324 fidat,
1151 1281 1214 1313 XL
1254 1270 1456 1330 pondere

167 1340 451 1386 denariorum
486 1339 533 1384 in
571 1336 787 1385 sextarios
824 1336 1014 1385 vicenos
1046 1338 1202 1397 musti,
1237 1357 1320 1387 nec
1353 1355 1457 1390 ante

165 1424 254 1458 tres
288 1409 458 1457 menses
487 1409 592 1456 vase
613 1421 784 1473 aperto.
822 1409 933 1455 Item
958 1425 980 1455 e
1003 1409 1145 1456 nardo
1169 1411 1350 1460 Gallico
1369 1450 1383 1472 ,
1405 1415 1455 1462 &

165 1486 288 1534 aliud
324 1502 348 1532 e
386 1484 587 1532 silvestri.

242 1576 282 1624 5.
311 1559 592 1606 Aromatiten
621 1574 805 1623 quoque
840 1556 1030 1605 invenio
1067 1555 1316 1605 faciitatum
1352 1572 1455 1611 tan-

166 1645 263 1687 tum
301 1648 398 1678 non
442 1645 782 1695 unguentorum
830 1629 1199 1693 compositione,
1241 1631 1390 1693 primo
1431 1650 1457 1679 e

169 1704 355 1770 myrrha
373 1740 387 1762 ‚
416 1718 467 1750 ut
495 1703 689 1751 diximus
709 1739 721 1758 ,
747 1721 858 1750 mox
887 1706 936 1751 ὅ(
965 1703 1106 1749 nardo
1139 1703 1318 1751 Celtico
1337 1742 1350 1764 ‚
1381 1723 1456 1753 ca-

158 1780 290 1838 (lamo
307 1814 321 1838 ,
350 1777 581 1841 aspalatho
598 1814 614 1835 ‚
637 1778 738 1824 offis
763 1779 810 1824 in
832 1777 1022 1824 mustum
1049 1789 1124 1824 aut
1145 1777 1274 1825 dulce
1296 1779 1458 1827 vinum

172 1850 364 1913 dejeffis.
399 1850 487 1896 Alii
514 1850 567 1896 de
594 1850 766 1897 calamo
783 1886 796 1909 ,
822 1848 960 1911 junco
979 1886 993 1909 ‚
1021 1849 1148 1896 costo
1164 1886 1178 1909 ‚
1207 1840 1350 1898 nardo
1371 1853 1456 1917 Sy-

173 1925 297 1971 riaco
308 1960 326 1982 ,
345 1940 529 1970 amomo
549 1959 563 1981 ,
582 1923 695 1970 cafia
709 1960 723 1982 ‚
748 1923 1041 1970 cinnamomo
1056 1959 1070 1982 ,
1090 1939 1229 1970 croco
1246 1960 1260 1983 ‚
1282 1924 1458 1987 palma,

173 1998 299 2046 asaro
319 2034 333 2057 ‚
366 1998 564 2045 {imiliter
594 2000 644 2046 &
678 1997 783 2044 offa.
822 1998 955 2061 Apud
978 1997 1091 2044 alios
1115 1998 1267 2057 nardi,
1289 2000 1338 2047 &
1357 2015 1455 2044 ma·-

175 2071 370 2119 lobathri
413 2071 580 2119 selibris
620 2071 667 2118 in
703 2070 834 2117 musti
875 2071 1067 2135 congios
1108 2071 1222 2119 duos
1265 2071 1458 2118 additis:

178 2145 322 2210 qualia
353 2163 473 2194 nunc
503 2162 689 2212 quoque
716 2144 830 2192 fiunt
853 2145 1007 2209 pipere
1035 2147 1085 2193 &
1109 2146 1241 2192 melle
1271 2145 1423 2192 addito
1442 2182 1457 2203 ,

177 2235 279 2281 quae
303 2218 378 2264 alii
402 2219 611 2278 condita,
631 2219 708 2267 alii
731 2219 926 2283 piperata
945 2218 1183 2282 appellant.
1217 2217 1458 2265 Invenitur

159 2294 228 2339 -&
262 2292 490 2340 ne&arites
521 2310 579 2340 ex
615 2293 785 2353 herba,
819 2309 955 2358 quam
992 2292 1068 2339 alii
1102 2291 1346 2350 helenion,
1380 2290 1456 2337 alii

177 2364 428 2423 medicam,
469 2365 542 2412 alii
580 2365 1008 2431 symphytonfalii
1050 2365 1210 2412 Idaeam
1246 2365 1296 2412 &
1334 2364 1453 2412 Ore-—

176 2437 291 2486 stion
308 2474 324 2499 ,
355 2438 428 2487 alii
458 2440 702 2489 aestaream
732 2452 931 2498 vocant,
964 2438 1109 2487 radice
1142 2437 1356 2500 ponderis
1388 2449 1455 2482 XL
