1653 2797
216 206 300 266 ηε
455 205 1254 254 C.PLINIISECUND1

208 313 283 361 sed
305 312 618 375 ponderofior.
641 313 853 376 Rigorem
881 312 1111 361 fortiffime
1139 313 1286 362 servat
1311 316 1486 366 ulmus:

209 387 271 433 ob
288 386 331 432 id
352 384 630 444 cardinibus,
653 386 1036 451 craffamentisque
1059 399 1292 451 portarum
1317 389 1486 438 utiliffi-

208 477 305 516 ma,
333 459 548 522 quoniam
575 459 758 506 minime
786 470 1045 523 torquetur:
1071 462 1361 523 permutanda
1385 474 1487 510 tan—

208 542 306 577 tum
327 530 413 589 fic,
431 543 481 578 ut
505 540 719 578 cacumen
745 532 800 578 ab
822 531 1036 578 inferiore
1058 532 1110 579 fit
1131 533 1310 580 cardine
1324 569 1338 591 ,
1361 534 1490 581 radix

209 605 425 668 superior.
450 605 612 653 Palmae
630 605 690 652 est
706 605 875 662 mollis,
892 606 942 652 &
957 604 1123 652 suberis
1140 608 1344 654 materies
1362 627 1372 655 :
1395 608 1489 670 spis-

209 675 264 721 sae
285 679 333 722 &
346 676 513 734 malus,
528 676 758 741 pirusque:
782 691 864 722 nec
883 691 978 722 non
998 693 1120 735 acer,
1139 677 1213 725 sed
1229 679 1382 743 fragile
1404 698 1415 726 :
1438 681 1489 727 &

209 766 488 813 quaecunque
510 749 661 813 crispa.
691 752 740 795 In
763 747 972 795 omnibus
991 747 1206 796 silvestria
1228 752 1277 799 ὅ(
1297 751 1489 799 mascula

210 822 482 869 differentias
511 821 720 882 cujusque
752 819 923 883 generis
959 830 1137 883 augent.
1174 823 1230 868 Et
1258 822 1489 870 infoecun-

213 895 266 940 da
298 893 496 940 firmiora
531 891 786 948 fertilibus,
821 889 902 936 nisi
937 906 1030 954 quo
1071 889 1118 938 in
1150 908 1311 957 genere
1348 910 1491 942 mares

212 967 390 1024 ferunt,
417 967 528 1013 sicut
558 964 811 1027 cupressus,
842 965 891 1020 ὃς
924 979 1105 1012 cornus·

276 1041 526 1087 LXXVIII.
570 1035 748 1083 Cariem
784 1034 1142 1099 vetustatemque
1172 1053 1268 1085 non
1298 1037 1493 1086 sentiunt

213 1114 465 1177 cupressus,
501 1111 656 1158 cedrus
674 1145 688 1167 ‚
716 1109 910 1166 ebenus,
944 1108 1095 1167 lotos,
1126 1110 1271 1160 buxus
1289 1148 1303 1171 ,
1330 1124 1493 1172 taxus,

209 1187 442 1250 juniperus
458 1221 471 1242 ,
497 1182 710 1240 oleaster,
732 1184 782 1229 &
807 1182 934 1229 olea:
959 1198 1015 1227 ex
1044 1182 1226 1246 reliquis
1254 1185 1493 1234 tardiffime

213 1259 326 1305 larix
341 1296 353 1315 ‚
373 1259 536 1314 robur,
555 1256 707 1312 suber,
733 1254 931 1302 castanea
947 1290 961 1312 ‚
979 1253 1166 1318 juglans.
1191 1256 1368 1303 Rimam
1381 1255 1495 1304 fiffu-

211 1348 394 1394 ramque
422 1348 519 1378 non
548 1329 667 1393 capit
691 1328 848 1392 sponte
877 1328 1033 1377 cedrus
1049 1362 1063 1389 ,
1087 1330 1312 1393 cupreffus
1328 1367 1342 1390 ,
1364 1330 1464 1379 olea
1479 1367 1495 1391 ‚

210 1405 372 1456 buxus

275 1478 484 1524 LXXIX.
503 1476 701 1522 Maxime
724 1487 888 1521 aeterna
917 1487 1075 1537 putant
1102 1475 1320 1535 ebenum,
1339 1479 1391 1525 &
1414 1495 1495 1525 cu·-

211 1548 426 1611 preffum,
447 1548 718 1609 cedrumque
733 1584 746 1605 ‚
767 1547 889 1594 claro
909 1548 962 1592 de
985 1548 1194 1594 omnibus
1212 1549 1405 1596 materiis
1427 1549 1496 1611 ju-

213 1620 334 1667 dicio
364 1620 411 1666 in
441 1620 612 1683 templo
645 1618 844 1683 Ephesiae
871 1618 1061 1666 Dianae:
1082 1632 1242 1683 utpote
1267 1638 1368 1668 cum
1397 1633 1495 1670 tota

212 1693 312 1739 Asia
346 1692 598 1742 exstruente
625 1690 960 1756 quadringentis
994 1691 1121 1738 annis
1148 1693 1375 1755 peractum
1409 1695 1495 1754 fit,

214 1766 437 1814 convenit
464 1769 628 1814 tectum
653 1766 749 1828 ejus
777 1767 861 1814 effe
891 1784 914 1813 e
946 1766 1137 1815 cedrinis
1168 1766 1380 1817 trabibus.
1421 1771 1496 1817 De

212 1842 312 1904 ipso
342 1842 577 1890 fimulacro
615 1843 728 1889 Deae
765 1840 1005 1904 ambigitur
1035 1859 1046 1887 :
1084 1841 1227 1888 ceteri
1255 1859 1312 1888 ex
1347 1842 1496 1890 ebeno

210 1914 296 1960 effe
313 1915 507 1961 tradunt.
543 1914 781 1960 Mucianus
807 1924 874 1959 ter
894 1911 1066 1959 Consul
1080 1949 1094 1971 ,
1117 1929 1173 1959 ex
1195 1912 1265 1960 his
1289 1913 1367 1977 qui
1388 1931 1495 1979 pro-

211 1986 332 2032 xime
362 1986 462 2033 viso
495 2003 550 2033 eo
585 1985 822 2049 scripsere,
857 1985 1127 2049 vitigineum
1144 2021 1158 2044 ,
1183 1986 1234 2034 &
1262 2003 1495 2051 nunquam

211 2071 430 2107 mutatum
462 2060 617 2124 septies
650 2061 855 2108 restituto
885 2060 1071 2123 temple.
1106 2060 1499 2108 Hancmateriam

211 2133 383 2196 elegisse
417 2134 729 2180 Pandemion:
764 2133 897 2179 etiam
939 2150 1108 2180 nomen
1146 2131 1330 2180 artificis
1373 2150 1494 2181 nun-

209 2225 407 2270 cupans:
446 2209 574 2272 quod
603 2208 807 2272 equidem
846 2208 1022 2265 miror,
1054 2223 1156 2253 cum
1189 2206 1493 2269 antiquiorem

208 2281 423 2328 Minerva
443 2298 649 2346 quoque,
671 2297 765 2326 non
783 2280 925 2329 modo
945 2280 1109 2325 Libero
1127 2290 1250 2341 patre
1265 2314 1279 2337 ,
1298 2279 1492 2325 vetusta-

207 2364 299 2400 tem
327 2356 368 2401 ei
401 2355 577 2401 tribuat.
623 2353 822 2416 Adjicit,
843 2352 996 2401 multis
1027 2353 1322 2402 foraminibus
1348 2354 1493 2400 nardo

207 2426 369 2489 rigari,
399 2438 448 2474 ut
480 2427 726 2474 medicatus
756 2429 921 2474 humor
954 2427 1064 2487 alat,
1093 2432 1328 2493 teneatque
1357 2427 1492 2490 junc-

208 2512 325 2548 turas
342 2536 357 2559 ,
379 2518 489 2564 quas
518 2502 568 2551 δε
591 2500 704 2567 ipsas
735 2501 819 2550 effe
847 2501 1034 2552 modico
1063 2502 1306 2550 admodum
1333 2500 1491 2550 miror.
