1653 2797
164 145 256 192 432
440 127 1182 202 c.PL1N115ECUND1

162 238 290 285 thure
320 238 369 284 &
406 253 550 300 aqua,
581 247 655 302 aut
688 253 789 283 cum
821 236 1008 301 myrrha
1055 254 1107 284 ac
1136 237 1251 285 vino
1287 237 1444 288 sedat:

161 312 389 376 parotidas
412 328 513 358 cum
531 311 662 358 melle
681 347 695 369 ‚
715 324 788 357 aut
803 311 933 374 adipe
952 348 966 369 ,
984 322 1059 358 aut
1076 327 1177 358 cera
1197 330 1208 359 :
1227 311 1452 370 stomachi¹

161 385 411 432 solutiones
456 384 696 448 inspersum
743 385 936 448 polentae
974 385 1356 450 modotanginas
1398 387 1447 434 in

161 474 276 521 aqua
318 458 368 504 &
409 457 515 504 oleo
559 458 828 517 deco&um‚
865 460 915 505 &
957 474 1060 504 cum
1108 458 1233 504 aniso
1267 457 1446 508 illitum.

114 587 122 593 ‚
160 535 382 581 Torretur
399 569 412 591 ‚
436 546 485 580 ut
515 533 672 582 alvum
696 533 823 580 fistat.
857 533 1072 580 Coeliacis
1086 569 1100 592 ,
1123 534 1173 580 &
1200 533 1444 598 dysenteri-

162 607 226 654 cis
246 606 495 669 imponitur
522 623 578 652 ex
602 618 746 653 aceto.
781 607 851 663 Ad
878 605 1089 668 jocineris
1117 607 1299 655 dolores
1328 609 1446 656 estur

162 698 268 727 cum
283 697 374 727 uva
393 680 519 743 paffa.
541 680 610 725 Ad
631 674 829 742 phthisin
851 678 1073 725 utiliffime
1093 695 1116 726 e
1142 678 1307 728 semine
1328 681 1442 729 fiunt

104 765 107 766 ’
160 753 407 816 ecligmata.
442 751 751 798 Musculorum
767 787 780 809 ,
801 767 1081 808 nervorum,
1110 752 1404 799 articulorum
1424 790 1442 812 ‚

161 827 392 874 cervicum
419 825 598 872 duritias
619 861 632 883 ,
660 823 833 872 cerebri
862 824 1142 872 membranas
1172 825 1345 890 mitigat
1373 825 1440 873 fa·

159 901 258 947 rina
286 900 461 946 seminis
481 935 494 958 ‚
533 899 654 945 nitro
675 934 688 957 ,
718 910 795 945 aut
833 898 917 944 sale
936 934 949 956 ‚
977 910 1052 944 aut
1089 899 1238 946 cinere
1267 900 1440 948 additis.

159 975 325 1021 Eadem
356 990 459 1019 cum
484 971 574 1020 fico
606 972 722 1018 idem
744 971 993 1034 concoquit
1016 989 1068 1018 ac
1087 985 1288 1019 maturat.
1319 974 1442 1021 Cum

160 1036 308 1093 radice
338 1061 453 1093 vero
484 1044 734 1092 cucumeris
761 1043 969 1090 silvestris
1002 1044 1193 1091 extrahit
1222 1062 1439 1109 quaecun-

159 1135 248 1182 que
272 1119 458 1181 corpori
489 1118 747 1165 inhaereant.
786 1118 857 1164 Sic
879 1119 927 1166 &
952 1117 1084 1165 fracta
1114 1120 1218 1167 offa.
1254 1121 1440 1183 Serpere

160 1192 315 1239 hulcus
348 1191 396 1237 in
435 1192 548 1239 vino
591 1192 775 1238 deco&a
807 1192 1019 1254 prohibet
1038 1228 1052 1250 ‚
1080 1192 1338 1255 eruptiones
1366 1193 1439 1255 pi-

160 1265 284 1312 tuitae
315 1281 416 1311 cum
433 1263 576 1311 melle,
596 1263 814 1310 Emendat
837 1280 1003 1327 ungues
1025 1263 1202 1311 scabros
1221 1281 1320 1311 cum
1342 1264 1438 1327 pari

160 1338 301 1384 modo
348 1335 550 1383 nasturtii
589 1354 598 1383 :
641 1335 817 1382 testium
859 1335 966 1381 vitia
1013 1337 1064 1383 δε
1106 1336 1293 1383 ramices
1335 1353 1437 1382 cum

158 1412 299 1458 retina
325 1414 374 1459 δε
403 1410 584 1476 myrrha
603 1446 618 1469 ,
648 1411 698 1457 &
726 1426 981 1474 gangraenas
1013 1426 1068 1455 ex
1103 1426 1228 1472 aqua.
1263 1410 1436 1455 Stoma-

159 1487 231 1534 chi
267 1487 446 1533 dolores
478 1503 579 1533 cum
611 1483 743 1531 foeno
780 1485 946 1531 Graeco
984 1483 1179 1530 sextariis
1211 1482 1435 1546 utriusque

159 1558 353 1604 decoffis
387 1558 433 1603 in
469 1574 580 1620 aqua
615 1556 765 1604 mulsa.
801 1557 1115 1604 Intestinorum
1149 1559 1199 1604 &
1238 1556 1436 1604 thoracis

159 1628 407 1693 perniciosa
429 1628 538 1674 vitia
556 1663 569 1686 ,
585 1627 784 1691 «clystere
809 1628 855 1672 in
880 1629 987 1672 oleo
1009 1663 1023 1684 ,
1056 1640 1132 1674 aut
1149 1628 1293 1673 melle.

223 1704 381 1750 XCIII.
411 1702 575 1749 Blitum
602 1701 718 1746 iners
746 1699 924 1747 videtur
947 1716 998 1746 ac
1021 1699 1110 1745 sine
1139 1698 1295 1760 sapore
1313 1733 1326 1755 ‚
1357 1708 1435 1743 aut

160 1775 407 1824 acrimonia
448 1774 551 1820 ulla.
605 1773 737 1822 Unde
786 1771 1049 1818 convicium
1093 1769 1270 1816 feminis
1317 1768 1436 1830 apud

160 1848 456 1896 Menandrum
493 1846 663 1894 faciunt
701 1845 860 1892 mariti.
896 1844 1143 1890 Stomacho
1173 1841 1328 1888 inutile
1360 1839 1434 1887 est.

164 1926 378 1970 Ventrem
415 1921 526 1967 adeo
557 1920 705 1967 turbat
724 1957 739 1977 ‚
774 1931 823 1965 ut
854 1917 1078 1967 choleram
1109 1916 1238 1963 faciat
1273 1913 1433 1976 aliqui-

159 1996 252 2041 bus.
282 1993 465 2041 Dicitur
493 2005 640 2038 tamen
680 1989 889 2037 adversus
921 1988 1180 2048 scorpiones
1214 1998 1374 2049 potum
1409 2001 1432 2032 e

159 2068 276 2114 vino
307 2064 536 2128 prodesse,
563 2066 612 2112 &
638 2064 778 2111 clavis
807 2063 970 2127 pedum
1002 2056 1116 2106 illini
1138 2079 1147 2107 ε
1169 2060 1274 2105 item
1304 2057 1435 2104 lieni-

159 2142 240 2187 bus
262 2176 276 2198 ,
309 2142 358 2187 &
383 2150 637 2200 temporum
677 2137 859 2195 dolori,
882 2153 938 2183 ex
973 2135 1093 2181 oleo.
1135 2134 1432 2195 Hippocrates

160 2213 380 2260 menstrua
404 2210 490 2257 fisti
518 2227 574 2257 eo
607 2211 711 2257 cibo
747 2221 886 2273 putat.

223 2286 387 2332 XCIV.
408 2285 560 2329 Meum
581 2284 628 2329 in
653 2284 775 2330 Italia
799 2300 895 2329 non
916 2281 995 2329 nist
1017 2298 1041 2327 a
1060 2278 1241 2327 medicis
1260 2276 1433 2332 seritur,

160 2358 282 2406 &iis
299 2355 543 2404 admodum
570 2355 734 2418 paucis,
770 2356 884 2402 Duo
903 2370 1060 2418 genera
1088 2351 1196 2413 ejus.
1222 2348 1432 2396 Nobilius

163 2433 525 2483 Athamanticum
545 2443 714 2481 vocant
734 2465 748 2490 ,
787 2430 852 2476 illi
879 2442 1089 2494 tanquam
1119 2428 1172 2475 ab
1195 2425 1431 2473 Athaman-
