1653 2797
245 100 1240 169 NATUR.H15TOR.L113.X1V.
1350 135 1404 182 17

121 240 188 279 tes
203 231 343 277 vitam
361 226 610 290 Pomponii·
622 224 814 273 Secundi
832 226 949 272 vatis
961 263 973 283 ,
987 218 1260 290 ⁴coenamque
1277 245 1410 292 quam

123 304 318 368 principi
338 303 403 349 illi
421 300 554 346 dedit.
582 288 780 345 Tantum
802 300 1095 360 pecuniarum
1118 302 1319 350 detinent
1340 303 1411 349 Vi-

121 379 169 425 ni
192 376 435 441 apothecae.
466 373 564 419 Nec
590 372 673 418 alia
700 386 770 417 res
790 370 932 434 majus
965 373 1409 422 incrementum'sen*

123 450 179 497 ‘tit
207 449 260 496 ad
293 447 556 494 vicesimum
593 462 760 492 annum
779 481 793 503 ,
821 443 1022 505 majusve
1052 446 1108 492 ab
1143 464 1199 493 eo
1234 447 1413 511 dispen-

123 523 272 580 dium,
300 537 395 569 non
426 518 696 583 proficiente
726 518 888 581 pretio.
924 520 1048 565 Raro
1075 520 1240 584 quippe
1269 523 1419 572 adhuc

123 595 275 655 fuere,
306 612 390 641 nec
428 594 508 640 nisi
544 594 590 640 in
626 604 872 656 nepotatu,
901 593 1083 658 fingulis
1121 595 1240 641 testis
1275 596 1418 643 millia

121 669 375 717 nummum.
404 665 679 714 Viennenses
705 665 787 712 soli
815 666 962 729 picata
990 665 1094 724 sua,
1118 684 1315 730 quornm
1344 686 1417 732 ge-

122 759 231 790 nera
251 741 444 788 diximus
458 776 472 799 ,
490 739 630 803 pluris
652 737 913 802 permutasse
927 772 940 796 ,
961 737 1033 784 sed
1052 738 1169 785 inter
1188 739 1274 786 sese
1294 757 1415 787 amo-

123 834 173 864 re
199 816 346 878 patrio
373 813 629 861 creduntur.
661 812 796 874 quue
819 811 983 858 vinum
1005 811 1207 876 frigidius
1233 813 1420 878 reliquis

124 888 405 937 existimatur
435 886 482 932 in
514 885 680 949 frigido
711 896 841 947 potu.

193 965 287 1009 VII.
323 961 447 1006 Vino
477 970 637 1005 natura
666 957 752 1014 est,
781 956 940 1003 hausto
970 958 1243 1006 accendendi
1266 960 1419 1009 calore

126 1034 299 1080 viscera
338 1032 483 1088 intus,
512 1029 624 1076 soris
655 1028 806 1076 infuso
838 1028 1144 1093 refrigerandi.
1186 1032 1283 1078 Nec
1313 1033 1419 1079 alie-

123 1124 233 1154 num
264 1105 398 1152 fuerit
426 1120 785 1151 commemorare
813 1104 904 1149 hoc
931 1104 977 1149 in
1008 1103 1115 1151 loco
1132 1141 1146 1161 ‚
1174 1105 1299 1168 quod
1320 1098 1415 1152 Axi-

98 1180 353 1243 .drocydes
377 1177 589 1236 sapientia
616 1176 761 1222 clarus
787 1177 842 1222 ad
868 1175 1174 1223 Alexandrum
1196 1180 1416 1242 Magnum

125 1249 320 1311 scripfit,
341 1247 730 1308 intemperantiam
753 1246 846 1306 ejus
869 1247 1086 1293 cohibens
1107 1266 1117 1294 :
1141 1249 1312 1296 Vinum
1331 1269 1419 1314 po-

123 1335 274 1379 turus,
304 1323 423 1377 Rex,
450 1329 679 1365 memento
713 1329 756 1364 te
785 1317 937 1365 bibere
967 1318 1232 1384 sanguinem
1258 1334 1414 1373 terrae:

124 1396 270 1443 cicuta
289 1391 524 1439 hominum
549 1406 777 1436 venenum
799 1389 860 1436 est
874 1426 887 1447 ‚
910 1391 1070 1438 cicutae
1090 1393 1264 1442 vinum.
1295 1398 1418 1457 Qui-

122 1469 206 1516 bus
226 1466 462 1530 praeceptis
485 1465 514 1510 fi
538 1463 612 1511 ille
637 1463 1028 1527 obtemperavisset
1043 1503 1056 1522 ,
1078 1468 1285 1530 profecto
1308 1472 1420 1519 ami-

125 1556 206 1587 cos
231 1540 278 1585 in
301 1535 562 1585 temulentia
591 1551 686 1581 non
709 1535 1010 1584 interemisset.
1039 1539 1223 1586 Prorsus
1249 1553 1298 1587 ut
1316 1541 1416 1604 jure

125 1612 215 1659 dici
247 1610 409 1674 poffit,
439 1626 584 1673 neque
616 1609 792 1656 viribus
828 1611 1036 1673 corporis
1070 1612 1222 1659 utilius
1258 1615 1379 1662 aliud
1399 1652 1416 1674 ,

124 1702 270 1750 neque
309 1684 431 1732 aliud
465 1681 777 1746 voluptatibus
815 1683 1143 1745 perniciofius,
1177 1686 1208 1732 si
1250 1689 1416 1737 modus

121 1761 245 1808 absit.

203 1835 317 1880 VIII.
364 1850 399 1879 1.
444 1834 626 1879 Genera
659 1843 805 1878 autem
837 1831 936 1878 vini
970 1831 1054 1878 alia
1088 1833 1185 1880 aliis
1219 1836 1415 1898 gratiora

114 1907 235 1964 effe,
269 1905 372 1970 quis
402 1905 604 1953 dubitet?
641 1916 715 1952 aut
750 1922 845 1951 non
876 1921 933 1951 ex
969 1906 1130 1952 eodem
1165 1906 1265 1954 lacu
1296 1910 1416 1957 aliud

122 1977 400 2041 praestantius
422 1977 564 2024 altero
585 1977 909 2041 germinantem
932 1980 1209 2040 praecedere,
1232 1982 1324 2028 five
1345 1994 1416 2029 te-

124 2050 185 2096 sta
204 2087 218 2109 ,
250 2051 342 2099 five
371 2049 567 2097 fortuito
605 2050 811 2098 eventu?
859 2051 1173 2112 Quamobrem
1207 2054 1261 2100 de
1289 2055 1413 2116 prin-

125 2125 274 2187 cipatu
313 2126 356 2173 se
392 2125 576 2190 quisque
613 2124 808 2186 judicem
846 2124 1018 2172 statuat.
1067 2125 1179 2173 Julia
1214 2128 1411 2191 Augusta

123 2212 307 2243 Lxxxlt
333 2216 475 2247 annos
501 2201 610 2247 vitae
636 2200 809 2247 Pucino
839 2199 954 2246 vino
988 2200 1143 2247 retulit
1169 2214 1410 2264 acceptos,

125 2286 221 2316 non
246 2270 336 2316 alio
361 2272 445 2319 usa.
470 2274 684 2337 Gignitur
704 2274 751 2320 in
770 2273 868 2319 sinu
890 2273 1112 2321 Adriatici
1136 2275 1293 2332 maris,
1312 2292 1410 2323 non

125 2345 288 2409 procul
313 2363 337 2392 a
356 2347 551 2394 Timavo
582 2348 736 2406 fonte,
759 2347 893 2394 saxeo
924 2347 1070 2405 colle,
1089 2346 1317 2394 maritimo
1343 2349 1413 2395 af-

123 2418 234 2466 flatu
259 2436 420 2482 paucas
449 2435 671 2484 coquente
702 2422 972 2485 amphoras:
1005 2438 1088 2468 nec
1117 2419 1238 2468 aliud
1264 2423 1413 2487 aptius

190 2494 235 2540 C.
269 2495 386 2540 Plin.
416 2498 512 2541 Vol.
547 2496 634 2541 III.
895 2496 924 2519 ’ξ
1123 2494 1155 2538 Β
