1653 2797
226 193 318 242 με
482 157 538 230 (τ’,
578 176 831 230 PL1N11
879 175 1254 226 saeuum

223 299 373 333 tamen
402 286 653 351 ventosque
682 285 1009 351 significabunt.
1045 287 1090 333 Si
1118 287 1168 333 in
1199 297 1306 333 ortu
1337 296 1414 334 aut
1448 283 1497 332 in

222 360 387 409 occasu
422 361 642 408 contr-affl
680 374 920 412 eernentur
955 361 1095 420 radii,
1127 360 1330 409 imbrem.
1371 359 1416 406 Si
1448 359 1497 405 in

222 433 383 482 occasu
410 434 505 496 ejus
533 434 685 499 pluet,
717 449 793 482 aut
820 435 932 482 radii
959 436 1008 482 in
1035 435 1078 481 se
1097 434 1260 481 nubem
1289 432 1498 490 trahent,

220 507 419 569 asper-am
439 508 486 554 in
515 509 776 571 proximum
808 509 926 554 diem
946 508 1247 571 tempestatem
1277 504 1498 571 significa-

220 580 347 631 bunt,
378 581 494 626 Cum
528 581 700 626 oriente
724 578 836 626 radii
870 595 965 624 non
995 578 1180 626 illustres
1206 577 1498 633 eminebunt,

221 651 432 716 quamvis
458 652 721 699 circumdati
743 652 860 697 nube
895 667 991 696 non
1019 650 1126 708 sint,
1152 650 1359 713 pluviam
1383 667 1497 712 por-

221 722 420 775 tendent.
453 722 499 768 Si
527 736 628 769 ante
650 735 861 768 exortum
881 721 1023 767 nubes
1050 720 1378 784 globabuntur,
1399 721 1498 767 hie-

221 812 340 841 mem
374 796 570 858 asperam
600 795 941 842 denuntiabunt.
976 795 1020 841 Si
1057 794 1111 840 ab
1137 805 1245 842 ortu
1275 794 1499 857 repellenn

223 878 295 913 tur
313 903 326 925 ‚
362 868 412 913 &
441 867 495 916 ad
524 866 734 915 occasum
766 867 953 915 abibunt
975 903 987 923 ‚
1015 865 1307 915 serenitatem.
1340 866 1387 913 Si
1415 884 1499 913 nu-

220 938 298 986 bes
327 939 479 988 Solem
515 940 902 998 circumcludent,
938 952 1108 1004 quanto
1140 940 1287 987 minus
1319 940 1502 988 luminis

221 1011 512 1074 relinquent,
541 1024 669 1058 tanto
697 1013 920 1060 turbidior
957 1013 1190 1076 tempestas
1217 1013 1330 1062 erit:
1370 1015 1403 1062 fi
1420 1032 1502 1064 ve-

222 1101 276 1132 ro
303 1085 438 1132 etiarn
470 1085 636 1149 duplex
664 1086 787 1134 orbis
819 1085 952 1133 fuerit
971 1122 986 1144 ,
1017 1103 1073 1133 eo
1105 1087 1317 1142 atrocior.
1355 1087 1500 1148 Quod

220 1159 253 1205 fi
280 1159 327 1205 in
355 1171 518 1208 exortu
540 1158 640 1218 fiet,
677 1161 737 1206 ita
767 1172 817 1207 ut
842 1159 1076 1207 rubescant
1103 1161 1274 1219 nubes,
1303 1162 1500 1211 maxima

220 1231 477 1282 ostendetur
494 1232 742 1295 tempestas«
774 1232 821 1284 Si
838 1249 935 1280 non
960 1232 1219 1291 ambibunt,
1237 1232 1311 1281 sed
1327 1233 1500 1280 incuma

220 1303 329 1350 bent
349 1339 363 1362 ‚
395 1320 420 1350 a
453 1321 729 1368 quocunque
762 1316 908 1350 vento
947 1303 1143 1361 fuerint,
1177 1319 1278 1350 eum
1311 1315 1501 1367 porten-

219 1375 340 1420 dent.
375 1375 420 1420 Si
449 1392 473 1423 a
495 1375 706 1434 meridie,
730 1376 780 1428 &
804 1375 1006 1424 imbrem.
1040 1374 1084 1420 Si
1115 1373 1265 1421 oriens
1294 1375 1501 1439 cingetur

221 1449 357 1504 orbe,
379 1464 437 1499 ex
469 1466 557 1511 qua
584 1462 708 1512 parte
736 1449 772 1495 is
806 1448 847 1495 se
878 1449 1045 1512 aperit,
1079 1446 1356 1511 exspeEtetur
1381 1465 1500 1495 ven-n

220 1532 305 1567 tus,
342 1520 389 1572 Si
417 1533 539 1574 totus
566 1522 803 1574 defluxerit
829 1522 1095 1584 aequaliter,
1121 1520 1399 1568 serenitatem
1425 1521 1501 1568 da-

219 1590 300 1639 bit.
332 1590 378 1635 Si
405 1590 451 1636 in
473 1604 637 1638 exortu
663 1593 799 1655 longe
829 1593 980 1638 radios
1002 1609 1081 1654 per
1100 1592 1243 1638 nubes
1273 1592 1501 1655 porriget,

219 1664 270 1711 &
295 1663 466 1714 medius
487 1665 571 1714 erit
600 1664 772 1722 inanis,
803 1663 1005 1727 pluviam
1027 1661 1302 1725 fignificabit.
1334 1662 1378 1708 Si
1397 1674 1501 1708 ante

220 1746 373 1780 ortum
406 1736 518 1782 radii
554 1735 596 1788 se
629 1735 866 1786 ostendent
886 1771 901 1794 2
934 1752 1098 1800 aquam
1133 1737 1183 1783 &
1213 1746 1415 1783 ventum.
1455 1735 1501 1782 Si

220 1808 342 1859 circa
367 1809 651 1859 occidentem
675 1809 888 1860 candidus
912 1808 1102 1862 circulus
1132 1807 1216 1855 erit
1232 1843 1247 1866 ‚
1275 1808 1419 1855 noetis
1439 1808 1502 1854 le-

222 1895 329 1926 vem
356 1880 673 1944 tempestatem.
708 1881 754 1931 Si
788 1881 950 1928 nebula
970 1917 986 1939 ,
1021 1880 1423 1930 vehementiorem.
1456 1881 1501 1931 Si

222 1951 441 2002 candente
475 1953 609 2011 Sole,
643 1966 845 2000 ventum.
894 1953 939 2000 Si
978 1965 1070 2003 ater
1110 1951 1305 2003 circulus
1333 1951 1501 2013 fuerit,

220 2039 276 2075 ex
301 2040 390 2086 qua
415 2025 601 2088 regione
626 2025 663 2072 is
684 2025 855 2089 ruperit
880 2024 952 2083 se,
986 2036 1178 2075 ventum
1208 2041 1437 2088 magnum„

285 2097 492 2149 LXXIX.
511 2096 721 2149 Proxima
739 2097 822 2147 fint
839 2095 936 2158 jure
953 2098 1092 2146 Luna:
1109 2094 1329 2160 praesagia.
1353 2098 1502 2156 Quar-

220 2181 311 2222 tam
343 2185 439 2216 eam
469 2169 661 2220 maxime
686 2168 896 2221 observat
924 2171 1162 2233 AEgyptus.
1196 2169 1241 2215 Si
1267 2168 1501 2232 splendens

221 2253 380 2300 exorta
405 2258 520 2304 puro
543 2242 692 2289 nitore
722 2242 870 2301 fulsit,
900 2242 1199 2294 serenitatem:
1229 2243 1262 2292 fi
1281 2244 1500 2296 rubicun-

222 2314 305 2372 da,
335 2326 524 2363 ventos:
559 2314 591 2364 si
618 2314 742 2378 nigra
760 2351 775 2372 ,
803 2315 979 2378 pluvias
998 2315 1266 2378 portendere
1290 2315 1499 2367 creditur.

223 2388 274 2438 In
304 2388 461 2451 quinta
491 2404 662 2435 cornua
691 2387 782 2449 ejus
812 2389 995 2446 obtusa,
1027 2388 1259 2450 pluviam:
1288 2389 1428 2440 etesia
1451 2390 1501 2435 ἓξ

220 2456 378 2511 infesta
422 2471 586 2507 ventos
629 2458 800 2522 semper
836 2459 1082 2525 fignificant
1112 2479 1123 2508 :
1162 2471 1317 2525 quarta
1349 2471 1500 2512 tamen.
