1653 2797
283 139 1270 192 NATUR.H18TOR.LIB.X1X.
1341 145 1427 211 363

161 259 332 296 matum
360 249 468 296 utile
495 249 582 306 est,
604 249 836 297 dumtaxat
860 249 1062 299 serendo.
1094 252 1268 300 Culinis
1291 255 1342 312 ὃς
1361 254 1434 302 ul-

162 334 228 370 tra
249 321 515 386 tempestiva
547 321 659 367 sunt.

243 396 357 442 LIX.
390 391 628 439 Peculiaris
665 391 887 439 medicina
914 394 1117 456 raphano
1136 432 1152 455 ‚
1183 397 1297 445 betae
1317 435 1331 458 ‚
1357 417 1434 447 ru·-

162 478 246 525 tae‚
281 465 440 513 cunilae
460 500 474 522 ‚
504 464 551 509 in
581 463 697 510 saliis
729 464 856 528 aquis
875 499 889 522 ,
926 481 1028 527 quae
1055 469 1106 514 &
1136 470 1307 534 alioqui
1335 471 1437 535 plu..

163 541 327 588 rimum
367 537 570 587 suavitati
610 541 660 588 &
701 538 918 585 fertilitati
957 540 1214 590 conferunt.
1265 546 1440 595 Ceteris

163 612 361 660 dulcium
401 629 616 675 aquarum
657 611 781 675 rIgua
821 609 1023 673 prosunt.
1079 615 1331 663 Utiliffimae
1382 636 1439 666 ex

162 684 244 742 iis,
267 702 366 748 quae
389 684 672 748 frigidiffimae
690 720 703 742 ‚
723 684 773 730 &
792 700 891 747 quae
913 700 1026 746 potu
1046 684 1320 736 suaviffimae.
1351 692 1439 737 Ms-

163 774 247 804 nus
273 757 403 804 utiles
421 774 444 803 e
464 757 617 820 stagno
638 792 652 815 ‚
680 757 730 803 &
747 773 857 819 quas
881 756 1012 803 elices
1042 757 1261 806 inducunt
1276 798 1290 819 ‚
1317 779 1438 825 quo-

164 831 285 878 niam
318 831 553 877 herbarum
575 829 740 876 semina
773 829 1011 876 invehunt.
1042 830 1267 905 Praecipue
1288 844 1438 882 tamen

164 907 328 953 imbres
365 906 501 952 alunt.
557 907 675 952 Nam
713 906 764 952 &
803 903 1003 950 bestiolae
1042 904 1318 955 innascentes
1357 927 1441 956 ne·-

165 992 338 1028 cantur.

229 1054 325 1099 LX.
353 1051 434 1098 His
458 1051 587 1098 horae
603 1050 778 1115 rigandi
792 1085 808 1109 ‚
830 1050 1045 1096 matutina
1070 1063 1209 1116 atque⁴
1225 1053 1408 1117 vespera
1425 1092 1441 1115 ‚

164 1143 222 1173 ne
249 1124 519 1173 infervescat
544 1141 655 1188 aqua
680 1124 799 1171 Sole.
824 1124 994 1172 Ocimo
1023 1137 1194 1171 tantum
1222 1128 1273 1174 δε
1303 1130 1441 1176 meri-

166 1200 324 1247 diana:
358 1199 490 1246 etiam
509 1198 646 1244 satum
671 1198 900 1246 celerrime
925 1215 1156 1261 erumpere
1174 1202 1442 1262 putant,in-

165 1282 234 1317 ter
269 1268 629 1327 initiaferventi
668 1286 781 1333 aqua
815 1268 1049 1333 aspersum.
1094 1270 1260 1318 Omnia
1295 1286 1442 1322 autem

165 1345 376 1393 translata
391 1345 580 1392 meliora
592 1344 914 1409 grandioraque
935 1343 1048 1392 fiunt
1059 1382 1074 1403 ,
1093 1346 1282 1392 maxime
1299 1348 1444 1409 porri,

168 1419 379 1483 napique.
400 1421 451 1465 In
475 1418 765 1465 translatione
792 1419 842 1465 &
861 1418 1081 1465 medicina.
1101 1418 1191 1477 est,
1214 1418 1442 1466 defluunt-

169 1506 256 1553 que
276 1489 434 1536 sentire
452 1488 657 1551 injurias,
672 1501 723 1538 ut
745 1489 987 1554 gethyum,
1009 1506 1222 1552 porrum,
1239 1490 1446 1552 raphani,·

171 1562 347 1625 apium,
368 1561 551 1610 laetucae
563 1598 578 1622 9
600 1579 720 1624 rapae
734 1597 747 1618 ,
768 1561 981 1608 cucumis.
1013 1560 1182 1607 Omnia
1200 1573 1342 1608 autem
1373 1563 1442 1609 fil.-

169 1634 332 1682 vestria
355 1635 447 1682 fere
465 1634 565 1682 sunt
583 1636 632 1682 &
656 1633 777 1681 foliis
799 1633 1000 1691 minora,
1019 1635 1076 1687 ⁸&
1096 1633 1324 1693 caulibus,
1341 1635 1442 1683 suc-

171 1725 228 1756 co
259 1708 459 1756 acriora:
488 1708 598 1756 ficut
632 1708 810 1765 cunila,
838 1707 1102 1772 origanum,
1127 1719 1238 1756 ruta.
1285 1709 1447 1757 Solum

168 1799 284 1828 vero
308 1799 363 1828 ex
383 1782 592 1829 omnibus
614 1781 842 1845 lapathum
865 1780 1059 1827 silvestre
1085 1780 1266 1830 melius:
1286 1781 1445 1830 hocin

169 1854 322 1904 sativis
357 1871 514 1901 rumex
551 1867 744 1902 vocatur
766 1889 781 1910 ‚
812 1853 1091 1917 nasciturque
1124 1853 1444 1903 fortiffimum:

167 1925 356 1974 traditur
386 1937 503 1972 certe
533 1925 664 1972 semel
697 1924 835 1973 satum
869 1924 1054 1983 durare,
1077 1942 1160 1972 nec
1192 1924 1319 1972 vinci
1356 1943 1445 1972 un-

169 2016 302 2063 quam
323 2016 347 2044 a
363 2010 506 2058 terra,
529 1997 722 2044 maxime
746 1996 872 2059 juxta
895 2015 1066 2062 aquam.
1092 1998 1205 2047 Usus
1229 1998 1321 2060 ejus
1341 2017 1447 2050 cum

168 2070 339 2135 ptisana
362 2082 536 2118 tantum
568 2069 614 2115 in
647 2070 755 2116 cibis
777 2069 998 2117 leviorem
1021 2071 1349 2136 gratioremque
1376 2072 1442 2118 121*-

171 2161 331 2208 porem
354 2144 540 2207 praestat.
566 2143 776 2191 Silvestre
794 2143 849 2190 ad
865 2144 1002 2190 multa
1020 2144 1316 2192 medicamina
1335 2145 1446 2192 utile

172 2215 246 2263 est.
272 2215 486 2279 Adeoque
504 2215 614 2262 nihil
640 2215 789 2262 omisit
812 2233 913 2263 cura
933 2253 947 2275 ,
973 2229 1024 2264 ut
1045 2217 1240 2267 carmine
1263 2234 1447 2281 quoque

174 2290 545 2352 comprehensum
565 2290 781 2353 reperiam
799 2327 811 2348 ‚
842 2291 888 2337 in
912 2290 1024 2338 fabis
1045 2292 1216 2355 caprini
1240 2290 1335 2337 fimi
1355 2291 1443 2338 sm*-

175 2363 289 2427 gulis
312 2364 478 2410 cavatis
492 2399 505 2421 ,
523 2363 554 2409 s1
574 2364 695 2426 porri
714 2400 728 2422 ,
753 2381 896 2412 erucae
915 2401 929 2423 ,
948 2366 1131 2412 latlucae
1147 2397 1161 2421 ‚
1187 2364 1306 2428 apii,
1324 2364 1448 2411 intu-

174 2438 247 2498 bi,
267 2437 466 2487 nasturtii
490 2436 654 2485 semina
683 2436 851 2487 inclusa
884 2440 1113 2499 serantur,
1133 2439 1244 2486 mire
1276 2453 1449 2503 prove}
