1653 2797
300 187 586 237 NATUR.
624 182 939 231 HISTOR,
981 181 1100 227 LIB.
1140 179 1291 227 XIV.
1400 192 1450 226 11·

175 296 303 356 nuit,
334 297 524 344 aestatem
551 309 648 340 non
675 290 971 353 exsuperans:
1000 307 1083 336 nec
1103 289 1186 336 alia
1212 302 1362 335 macro
1386 285 1456 332 so<

175 373 223 420 lo
253 371 528 419 familiarior.
573 365 838 423 Graecinus,
867 365 944 427 qui
979 364 1152 427 alioqui
1186 360 1455 410 Cornelium

177 445 360 492 Celsum
394 440 699 503 transcripsit,
730 438 968 486 arbitratur
1001 454 1096 483 non
1128 450 1333 484 naturam
1363 432 1458 495 ejus

174 531 418 579 repugnare
438 514 573 560 Italiae
588 549 601 571 ,
619 510 692 558 sed
713 510 926 558 culturam
939 545 952 568 ,
972 509 1104 555 avide
1123 509 1324 571 palmites
1345 522 1460 552 evo-

175 588 388 635 cantium.
431 586 509 633 Ob
541 585 588 630 id
626 583 899 630 fertilitatem
928 581 1047 628 suam
1082 580 1275 636 absumi,
1305 580 1334 625 fi
1366 592 1461 623 non

173 660 450 726 praepinguis
475 658 560 705 soli
581 658 755 705 ubertas
782 655 1079 702 lassescentem
1103 653 1318 700 sustineat.
1350 652 1461 697 Car-

172 733 412 782 bunculari
443 743 656 795 negatur:
683 746 840 793 magna
868 729 1002 787 dote,
1028 727 1060 775 fi
1089 742 1246 775 verum
1267 723 1327 770 est
1344 759 1359 782 ,
1379 722 1460 769 ali-

174 824 265 871 qua
293 806 341 852 in
365 806 460 851 vite
480 804 594 851 caelo
623 820 719 849 non
746 802 831 849 effe
853 800 935 864 jus.

238 881 285 924 6.
332 876 500 924 AEstum
538 875 625 922 fert
658 874 862 937 spionia,
890 890 1025 936 quam
1057 871 1238 937 quidam
1265 870 1461 935 spineam

177 960 351 995 vocant
365 983 379 1005 ,
398 946 708 1010 autumnisque
727 947 776 992 &
794 945 1010 991 imbribus
1033 944 1291 1008 pinguescit.
1314 944 1466 1005 Quin-

175 1019 319 1066 immo
355 1018 531 1065 nebulis
564 1035 655 1063 una
689 1018 822 1064 alitur
843 1053 856 1075 ,
888 1017 950 1062 ob
983 1018 1029 1063 id
1064 1017 1319 1064 Ravennati
1354 1033 1464 1080 agro

176 1091 432 1155 peculiaris.
489 1088 757 1136 Veniculam
803 1090 920 1136 inter
967 1090 1138 1153 optime
1170 1089 1464 1136 deflorescen-

176 1175 244 1211 tes
259 1201 274 1222 ,
296 1165 345 1211 &
365 1163 468 1210 ollis
501 1163 791 1226 aptiflimam,
819 1163 1037 1225 Campani
1065 1161 1233 1208 malunt
1257 1161 1481 1211 firculam,

176 1253 348 1283 vocare
365 1271 380 1293 ,
401 1235 474 1281 alii
499 1234 711 1281 staculam
732 1253 742 1282 :
764 1235 1009 1282 Tarracina
1033 1235 1346 1290 numismnam,
1365 1234 1464 1279 nul-

176 1306 239 1353 las
265 1306 386 1353 vires
415 1306 624 1369 proprias
649 1306 885 1352 habentem
902 1342 914 1363 ,
935 1305 1009 1371 sed
1035 1318 1177 1352 totam
1200 1307 1385 1369 perinde
1411 1323 1462 1353 ac

177 1378 326 1426 solum
347 1378 506 1425 valeat.
541 1378 814 1425 Surrentinis
830 1390 978 1425 tamen
999 1380 1291 1426 efficaciffima
1313 1379 1431 1425 testis
1447 1415 1462 1436 ,

177 1452 381 1500 Vesuvio
398 1463 541 1499 tenus.
576 1451 643 1498 lbi
661 1451 782 1498 enim
801 1453 1089 1516 Murgentina
1107 1470 1131 1498 e
1157 1451 1305 1499 Sicilia
1326 1451 1462 1514 potis-

176 1527 284 1574 sima
301 1562 315 1584 ,
341 1543 475 1589 quam
499 1524 818 1588 Pompejanam
849 1526 986 1589 aliqui
1011 1538 1184 1572 vocant
1200 1561 1213 1582 ,
1237 1524 1367 1572 Latio
1389 1526 1466 1572 de·-

175 1615 300 1645 mum
330 1596 555 1644 feracem:
593 1596 703 1643 ficut
729 1596 952 1643 horconia
983 1596 1029 1642 in
1060 1597 1306 1658 Campania
1327 1631 1340 1654 ,
1370 1607 1465 1642 tan-

174 1685 269 1719 tum
298 1671 486 1718 vilitatis
513 1670 718 1729 cibariae,
747 1669 822 1718 sed
855 1671 1056 1718 ubertate
1091 1671 1329 1735 praecipua.
1366 1671 1463 1716 To·-

176 1746 290 1792 lerat
317 1748 366 1793 &
394 1761 536 1791 annos
565 1743 779 1801 moerica,
814 1757 974 1792 contra
1000 1762 1136 1792 omne
1168 1745 1284 1791 fidus
1306 1743 1461 1790 firmis-

178 1819 286 1865 fima
302 1854 316 1877 ,
336 1818 466 1881 nigro
484 1816 640 1875 acinO,
659 1816 779 1863 vinis
798 1818 845 1864 in
862 1817 1080 1866 vetustate
1100 1817 1449 1875 rubescentibus.

243 1905 288 1951 7.
330 1892 386 1937 Et
420 1889 629 1937 haftenus
655 1889 836 1953 publica
861 1889 960 1937 sunt
992 1908 1183 1955 genera:
1218 1903 1363 1938 cetera
1391 1907 1463 1936 re-³

179 1963 367 2027 gionum
386 1962 712 2026 lOcorumque,
735 1976 812 2011 aut
834 1982 890 2011 ex
909 1965 977 2011 his
999 1965 1117 2012 inter
1140 1964 1181 2013 se
1199 1965 1330 2012 infitu
1346 1966 1462 2011 mix-

180 2049 238 2084 ta.
273 2036 501 2100 Siquidem
527 2036 684 2084 Tuscis
708 2039 945 2101 peculiaris
971 2039 1032 2085 est
1055 2039 1302 2096 Tudernis,
1329 2052 1463 2102 atque

178 2110 314 2156 etiam
329 2109 424 2172 ejus
443 2111 640 2161 nominis
664 2112 903 2159 Florentia.
933 2111 1007 2158 Est
1028 2112 1181 2175 opima
1199 2113 1356 2159 Aretio
1381 2113 1465 2159 tal·-

178 2199 324 2246 pana,
360 2185 411 2232 &
448 2185 658 2243 etesiaca,
692 2188 742 2234 &
772 2185 1062 2233 conseminia.
1105 2186 1303 2249 Talpana
1337 2186 1463 2249 nigra

180 2256 421 2304 candidum
444 2258 548 2306 facit
577 2259 784 2331 gnustum.
816 2258 1015 2306 Etefiaca
1048 2257 1213 2318 fallax,
1238 2277 1339 2324 quae
1369 2275 1461 2320 quo

179 2329 279 2392 plus
308 2330 411 2376 tulit
428 2367 443 2390 ,
466 2349 522 2380 eo
550 2333 816 2380 laudabilius
845 2331 992 2380 fundit
1018 2349 1028 2378 :
1064 2333 1344 2395 mirumque,
1373 2331 1462 2379 foe-

181 2401 408 2448 cunditate
442 2405 583 2453 ceffat.
628 2405 918 2453 Conseminia
948 2407 1101 2469 nigra,
1129 2405 1245 2450 vino
1277 2405 1462 2453 minime

180 2475 393 2535 durante,
423 2493 516 2526 uva
541 2480 734 2529 maxime
763 2497 775 2529 ε
811 2478 913 2542 post
947 2493 1021 2526 xv
1054 2479 1174 2536 dies,
1208 2495 1343 2541 quam
1373 2479 1461 2526 ulla
