1653 2797
202 152 264 212 9³2<
446 146 499 191 C.
551 143 812 189 PL1N11
858 140 1219 188 SECUND1

204 254 419 301 inveniri.
449 250 730 314 pix-optima
759 249 925 313 ubique
951 266 1007 296 ex
1028 248 1190 312 apricis
1206 284 1220 307 ‚
1243 245 1484 312 Aquilonis

201 329 298 375 situ.
334 329 403 372 Ex
433 314 587 387 opacis
606 323 860 381 horridior,
882 321 1091 385 virusque
1112 319 1367 384 praeferens.
1381 319 1482 367 ‘Fri-2

204 402 306 464 gida
330 400 499 457 hieme,
527 397 752 455 deterior,
775 413 827 443 ac
851 396 1001 443 minus
1031 394 1246 459 copiosa,
1267 396 1333 442 &
1332 395 1482 440 deco—'-

200 475 290 519 lor.
323 472 522 532 Quidam
556 470 869 517 arbitrantur³
859 487 906 515 1n
925 469 1177 516 montuofis
1201 468 1333 531 copia
1366 476 1485 530 9ιέεέ-

203 543 466 591 stantiorem
497 560 546 589 ac
574 541 760 599 colore,
790 542 840 587 &
868 540 1117 587 dulciorem
1148 538 1269 596 fieri,
1296 538 1486 588 odorem

204 633 389 681 quoque
423 615 662 680 gratiorem
681 651 697 672 ,
719 577 825 660 d’um
859 612 1001 659 resina
1033 612 1111 660 fit:
1145 612 1375 659 decoctam
1406 628 1488 658 au·-

205 701 296 736 1em
330 688 478 734 minus
509 687 621 749 picis
659 686 845 732 reddere
863 720 877 744 ‚
913 685 1131 749 quoniam
1163 685 1210 730 in
1240 684 1383 731 serum
1407 684 1489 731 ab·-

205 774 305 808 eat:
341 758 656 820 tenuioresque
684 757 768 803 effe
793 757 906 819 ipsas
932 757 1113 803 arbores
1132 792 1146 814 ,
1165 764 1307 819 quam*
1325 757 1372 802 in
1391 757 1489 819 pla-

205 833 277 878 nis
299 850 308 877 :
344 829 418 876 sed
443 830 521 876 has
543 830 593 875 &
615 827 711 873 illas
740 826 971 874 serenitate
999 826 1253 873 steriliores·
1285 828 1492 873 Fruflum

208 904 414 969 quaedam
443 900 658 964 proximo
690 916 812 945 anno
841 900 895 946 ab
927 899 1072 946 incisu
1103 898 1371 962 largiuntur,
1395 898 1494 944 aliae

208 974 406 1023 secundo
421 1009 436 1030 ,
461 971 665 1036 quaedam
686 971 835 1017 tertio,
869 971 1089 1033 Expletur
1111 982 1261 1016 autem
1280 970 1407 1033 plaga
1426 986 1494 1031 re-

209 1050 303 1096 sina
321 1085 336 1105 ,
368 1063 465 1093 non
499 1044 703 1102 cortice,
731 1061 814 1091 nec
850 1043 1082 1102 cicatrice,
1104 1061 1203 1108 quae
1236 1043 1283 1089 in
1308 1043 1494 1091 hacar-

209 1124 322 1170 bore
358 1137 455 1166 non
487 1118 594 1166 coit

285 1198 404 1240 Inter
435 1192 532 1238 haec
565 1207 724 1255 genera
754 1186 990 1252 proprium
1019 1188 1199 1252 quidam
1223 1188 1370 1235 fecere
1397 1161 1496 1251 sap·-

212 1269 289 1332 piu
283 1285 338 1314 m
351 1265 606 1330 ,quoniam
632 1281 688 1310 ex
710 1262 984 1326 cognatione
1007 1278 1157 1308 earum
1185 1261 1363 1320 seritur,
1384 1278 1497 1324 qua-

211 1344 268 1388 lis
296 1341 408 1387 dicia
437 1337 497 1384 est
522 1337 569 1384 in
594 1336 793 1384 nucleis:
820 1336 999 1399 ejusque
1028 1335 1199 1383 arboris
1225 1336 1335 1382 imas
1354 1348 1500 1398 partes

214 1414 336 1460 tedas
367 1421 572 1471 vocant:
609 1427 710 1456 cum
734 1409 788 1455 fit
818 1410 892 1456 illa
921 1410 1056 1456 arbor
1091 1409 1155 1454 nil
1182 1409 1300 1455 aliud
1319 1444 1333 1466 ‚
1366 1425 1501 1472 quam

216 1488 344 1550 picea
363 1520 376 1542 ,
394 1482 579 1528 feritatis
608 1483 790 1545 paulum
822 1482 1034 1549 mitigzbtae
1062 1481 1185 1528 satu:
1219 1482 1395 1544 sapinus
1419 1499 1502 1528 au·-

217 1577 311 1607 tem
349 1556 554 1603 materies
601 1554 811 1602 caesarum
856 1572 880 1601 e
920 1571 1082 1619 genere
1126 1554 1206 1614 sit,
1245 1555 1501 1602 ficuti‘do—

220 1630 432 1679 cebimus.

285 1703 458 1751 XXIV.
490 1699 688 1747 Materiae
717 1700 838 1746 enim
860 1701 986 1747 causa
1007 1702 1197 1765 reliquas
1223 1701 1405 1747 arbores
1430 1717 1506 1746 na-

223 1790 323 1823 tura
356 1773 539 1836 genuit,
569 1773 1002 1837 copiosissimamque
1035 1774 1275 1821 fraxinum.
1317 1775 1507 1819 Procera

225 1847 321 1892 hsec
354 1862 402 1890 ac
439 1859 583 1889 teres:
620 1843 804 1905 pinnata
833 1847 881 1892 δέ
915 1846 1006 1908 ipsa
1045 1845 1192 1892 folio:
1229 1844 1508 1906 multumque

228 1917 419 1965 Homeri
438 1916 673 1979 praeconio
687 1953 700 1975 ‚
719 1918 768 1964 &
788 1918 973 1965 Achillis
993 1918 1110 1964 hasta
1131 1917 1379 1964 nobilitata.
1407 1917 1510 1969 Ma-

229 1992 362 2038 teries
399 1990 461 2036 est
494 1990 549 2035 ad
581 1989 772 2051 plurima
801 1991 937 2038 utilis.
985 1994 1047 2037 Ea
1084 1990 1262 2053 quidem
1283 2024 1297 2046 ,
1326 2005 1426 2051 quae
1461 1986 1510 2033 fit

232 2066 281 2112 in
307 2066 380 2111 Ida
399 2063 592 2110 Troadis
604 2099 617 2121 7
636 2063 683 2109 in
702 2076 874 2111 tantum
895 2065 1031 2113 cedro
1049 2063 1197 2111 similis
1213 2099 1226 2120 ,
1245 2074 1295 2108 ut
1318 2074 1512 2108 ementes

233 2137 384 2194 fallat,
415 2134 584 2182 cortice
621 2135 785 2183 ablato.
834 2138 986 2184 Graeci
1017 2136 1106 2183 duo
1138 2151 1298 2199 genera
1330 2133 1512 2196 ejusfe-

237 2226 335 2258 cere
359 2227 369 2255 2
405 2208 586 2271 longam
603 2243 617 2266 ,
650 2210 841 2256 enodem
863 2229 873 2256 :
906 2209 1088 2256 alteram
1120 2208 1306 2255 brevem
1323 2242 1338 2264 ,
1358 2205 1513 2252 durio-

238 2299 362 2339 rem,
394 2279 751 2343 fuscioremque,
780 2282 936 2328 laureis
971 2280 1106 2326 foliis.
1155 2277 1397 2325 Bumeliam
1422 2292 1513 2322 vo-

239 2369 344 2402 cant
375 2354 422 2400 in
459 2353 726 2399 Macedonia
767 2353 1103 2416 amplissimam,
1136 2351 1514 2410 lentiflimamque.

239 2428 331 2475 Alii
358 2427 441 2476 situ
466 2425 667 2478 divisere.
699 2427 1002 2491 Campestrem
1034 2426 1153 2474 enim
1184 2424 1267 2473 ess'e
1297 2421 1482 2485 crispam
1500 2465 1514 2487 ‚
