1653 2797
377 150 1298 200 NA‘TUR.H15TOR.‡LIB.XX.
1405 168 1495 217 423

219 258 568 324 Purgationibus
595 258 859 318 mulierum,
892 260 1110 307 acetabuli
1137 259 1341 307 mensura
1361 260 1406 307 in
1434 264 1501 309 sa-

220 352 291 397 pa.
321 332 533 396 Podagris
555 331 706 379 calidis
722 368 736 391 ‚
766 350 867 380 cum
897 333 981 380 sale
1000 333 1112 381 illita
1131 371 1145 391 ‚
1172 336 1222 382 &
1246 334 1371 382 sacro
1393 335 1504 400 igni.

221 409 388 454 Succus
417 404 510 466 ejus
539 415 675 465 potus
698 421 824 451 renes
849 404 1007 466 juvat,
1033 423 1085 453 ac
1103 407 1283 454 vesicas.
1319 410 1506 457 Ventris

221 477 427 527 animalia
455 475 597 539 pellit.
624 477 696 523 Ad
720 477 960 524 vulnerum
981 479 1163 526 dolores
1187 497 1243 527 ex
1269 480 1375 527 oleo
1397 498 1502 528 cum

221 552 407 616 polenta
426 550 690 613 imponitur.
709 552 974 599 Nervorum
994 552 1176 600 duritias
1194 553 1379 600 emollit.
1404 556 1505 601 Me-

221 625 470 680 trodorus‚
505 623 582 685 qui
622 630 801 681 ἐπιτομὴν
835 630 910 670 τῶν
949 631 1256 683 ῥιζοτομουμένων
1297 625 1466 689 scripsit
1487 663 1505 685 ‚

221 695 563 761 purgationibus
581 711 605 741 a
629 705 759 756 partu
780 692 970 739 dandam
988 693 1172 740 censuit.
1192 699 1412 745 Venerem
1433 699 1505 745 in-

221 771 347 818 hibet
363 807 377 829 ‚
398 767 674 830 Venerisque
694 766 880 813 somnia.
914 767 1119 813 Praetorii
1145 767 1236 815 viri
1259 783 1382 832 pater
1411 773 1474 819 est
1489 809 1506 828 ,

222 841 448 905 Hispaniae
475 840 709 904 princepS‚
744 855 878 902 quem
904 837 995 885 scio
1024 850 1211 902 propter
1235 841 1505 905 impatibiles

223 931 326 962 uvae
353 913 541 961 morbos
560 949 573 971 ,
596 912 789 959 radicem
817 909 910 973 ejus
941 909 1020 957 filo
1051 911 1299 974 suspensam
1326 931 1349 961 e
1378 915 1506 961 collo

224 1003 405 1050 gerere,
432 997 732 1048 praeterquam
763 984 810 1030 in
841 982 1058 1030 balineis:
1093 983 1152 1030 ita
1179 985 1415 1033 liberatum
1434 987 1507 1033 in-

227 1058 474 1107 commodo
495 1057 637 1104 omni.
661 1055 787 1116 Quin
807 1056 939 1102 etiam
959 1056 1117 1103 inveni
1136 1059 1256 1120 apud
1276 1060 1477 1107 att&ores
1490 1095 1507 1118 ,

227 1144 363 1195 caput
391 1131 555 1177 illitum
581 1147 631 1176 ea
665 1128 996 1175 distillationem
1016 1147 1136 1177 anno
1167 1143 1270 1179 toto
1291 1149 1387 1179 non
1406 1132 1509 1180 sen-

226 1205 324 1251 tire.
355 1202 531 1250 Oculos
562 1214 709 1249 tamen
738 1202 946 1248 hebetare
975 1218 1169 1265 putatur.

290 1278 523 1324 LXXXII.
549 1275 850 1324 Coriandrum
882 1275 998 1323 inter
1015 1276 1226 1324 silvestria
1252 1295 1346 1326 non
1373 1279 1508 1328 inve-

228 1353 363 1399 nitur.
400 1350 677 1413 Praecipuum
714 1350 979 1396 tamen'effe
1019 1351 1192 1398 constat
1226 1354 1511 1418 AEgyptium.

228 1425 359 1472 Valet
387 1435 547 1471 contra
578 1421 848 1485 serpentium
876 1439 1017 1486 genus
1050 1441 1221 1482 unum,
1249 1425 1376 1488 quod
1412 1443 1509 1472 am-

227 1497 478 1560 phisbaenas
495 1506 668 1542 vocant
686 1529 699 1552 ,
727 1509 887 1555 potum
914 1494 1276 1560 impositumque.
1310 1497 1440 1543 Sanat
1459 1500 1510 1544 &

230 1570 314 1616 alia
334 1569 537 1616 vulnera.
571 1566 862 1629 Epinyffidas
882 1601 895 1622 ‚
916 1567 1110 1628 pustulas
1126 1603 1141 1625 ‚
1160 1569 1330 1614 tritum.
1364 1570 1436 1616 Sic
1459 1571 1511 1616 &

230 1658 387 1688 omnes
430 1653 631 1687 tumores
672 1638 1052 1702 colleffionesque
1090 1656 1192 1687 cum
1235 1642 1396 1700 melle,
1437 1655 1513 1689 aut

228 1731 320 1761 uva
354 1713 486 1777 paffa.
530 1713 676 1759 Panos
711 1727 827 1758 vero
858 1727 914 1757 ex
948 1723 1076 1759 aceto
1108 1712 1277 1760 tritum.
1319 1714 1512 1762 Seminis

231 1803 367 1849 grana
394 1786 478 1833 tria
505 1786 553 1831 in
584 1783 782 1830 tertianis
817 1783 1030 1830 devorari
1058 1784 1214 1845 jubent
1236 1785 1374 1850 aliqui
1407 1799 1512 1833 ante

232 1858 551 1907 acceffionem:
586 1856 663 1904 vel
693 1856 820 1919 plura
854 1855 967 1902 illini
1008 1855 1163 1905 fronti.
1201 1860 1315 1906 Sunt
1352 1860 1429 1923 qui
1462 1862 1513 1908 δε

233 1945 336 1981 ante
364 1932 482 1978 Solis
501 1943 653 1987 ortum
672 1929 969 1977 cervicalibus
989 1930 1143 1993 subjici
1162 1933 1401 1981 efficaciter
1424 1952 1512 1997 pu-

233 2017 342 2052 tent.
382 2003 461 2050 Vis
497 2019 656 2065 magna
689 2001 744 2048 ad
776 2000 1105 2065 refrigerandos
1142 2003 1323 2050 ardores
1356 2005 1511 2053 viridi.

234 2078 428 2127 Hulcera
462 2091 674 2139 quoque,
705 2091 807 2137 quae
846 2073 1024 2137 serpunt
1044 2110 1057 2133 ‚
1093 2074 1212 2121 sanat
1246 2092 1347 2122 cum
1380 2078 1513 2122 melle

234 2150 311 2196 vel
333 2166 424 2196 uva
453 2147 595 2211 passa:
626 2147 730 2192 item
757 2146 912 2204 testes,
940 2147 1163 2206 ambusta,
1187 2147 1513 2206 carbunculos,

236 2239 398 2287 aure33
438 2237 539 2269 cum
582 2219 690 2266 laete
731 2218 928 2265 mulieris
967 2219 1204 2282 epiphoras
1242 2220 1512 2268 oculorum:

236 2293 408 2342 ventris
442 2296 492 2341 ὅ(
525 2291 837 2338 intestinorum
869 2290 1095 2340 fluxiones
1125 2293 1270 2341 semen
1304 2310 1360 2340 ex
1401 2311 1514 2357 aqua

237 2377 410 2429 potum.
437 2365 605 2411 Bibitur
637 2364 752 2412 &in
785 2364 977 2412 choleris
1010 2383 1110 2417 cum
1137 2379 1249 2414 ruta.
1269 2366 1399 2413 Pellit
1418 2367 1515 2413 ani-

237 2437 368 2486 malia
385 2437 719 2486 interaneorum
734 2472 748 2497 ,
768 2454 869 2486 cum
886 2437 992 2486 mali
1009 2440 1164 2521 Pumnici
1184 2439 1316 2487 succo
1338 2441 1389 2488 &
1408 2440 1516 2488 oleo

1145 2512 1194 2559 D
1222 2511 1251 2558 d
1273 2528 1305 2571 4
