1653 2797
259 236 350 282 214
512 222 564 270 C.
612 220 867 268 PLINII
911 223 1277 273 SECUNDI

254 328 455 375 adventu
478 328 662 391 platano
685 329 733 376 in
752 328 902 378 oleam
924 343 1118 379 mutata:
1151 331 1357 395 qualibus
1383 333 1534 380 osten·
1586 351 1591 357 ‘

253 401 310 446 tis
331 400 577 451 Aristandri
605 402 726 465 apud
755 405 943 450 Graecos
973 405 1194 451 volumen
1225 404 1383 463 scatet,
1402 423 1458 452 ne
1485 406 1534 453 in

255 471 486 520 infinitum
514 474 722 525 abeamus
743 493 753 521 ε
782 475 900 538 apud
924 491 1010 522 nos
1027 493 1143 524 vero
1167 478 1222 524 C.
1241 476 1390 541 Epidii
1407 494 1536 524 com-

254 549 491 607 mentarii,
512 550 559 596 in
590 550 749 614 quibus
781 548 962 595 arbores
996 549 1161 596 locutae
1191 567 1373 615 quoque
1404 567 1535 614 repe-

253 620 440 668 riuntur.
477 623 677 670 Subsedit
703 623 751 669 in
776 624 984 669 Cumano
1014 623 1148 670 arbor
1169 624 1299 688 gravi
1326 623 1504 671 ostento
1520 658 1536 682 ‚

253 693 390 756 paulo
411 706 513 742 ante
536 695 742 759 Pompeji
771 693 926 757 Magni
952 694 1069 740 bella
1097 696 1272 752 civilia,
1288 698 1441 760 paucis
1462 714 1535 743 ra·-

252 766 337 812 mis
366 767 679 816 eminentibus.
715 770 959 816 Inventum
987 766 1221 831 Sibyllinis
1248 769 1370 816 libris
1395 770 1537 816 inter-

256 840 498 886 necionem
515 839 755 889 hominum
776 838 876 885 fore
889 874 903 897 ‚
922 851 1140 904 tantoque
1167 857 1265 887 eam
1286 841 1502 903 majorem
1518 877 1534 899 ‚

251 926 424 977 quanto
460 914 648 977 propius
686 914 741 960 ab
773 914 898 961 Urbe
932 914 1087 979 postea
1115 914 1227 962 facila
1257 916 1375 962 effet.
1421 917 1535 964 Sunt

250 987 483 1050 prodigia,
503 990 553 1034 &
573 1004 675 1033 cum
700 986 854 1035 alienis
875 986 988 1034 locis
1015 987 1305 1049 enascuntur,
1323 1001 1373 1036 ut
1390 989 1438 1035 in
1457 1006 1534 1036 ca·-

249 1060 419 1120 pitibus
452 1060 694 1107 statuarum
715 1097 728 1119 ‚
754 1060 830 1108 vel
857 1061 942 1108 aris
959 1098 973 1120 ,
1004 1064 1054 1109 &
1083 1080 1185 1109 cum
1221 1064 1269 1110 in
1297 1062 1534 1110 arboribus

250 1131 353 1193 ipfis
388 1132 558 1180 alienae.
603 1133 734 1179 Ficus
766 1133 813 1178 in
846 1133 973 1180 lauro
1006 1146 1110 1180 nata
1142 1134 1202 1181 est
1237 1135 1400 1199 Cyzici
1431 1149 1534 1183 ante

249 1205 547 1253 obsidionem.
585 1206 729 1253 Simili
761 1205 902 1251 modo
934 1206 1159 1254 Trallibus
1187 1208 1334 1269 palma
1367 1209 1415 1254 in
1446 1208 1534 1256 basl

247 1277 434 1325 Caesaris
453 1278 701 1325 Dffiatoris
722 1278 841 1334 circa
858 1277 972 1324 bella
996 1277 1152 1324 civilia
1176 1277 1284 1341 ejus.
1320 1281 1364 1326 N
1367 1297 1419 1327 ec
1435 1298 1532 1328 non

248 1351 298 1398 &
329 1351 491 1398 Romae
519 1352 567 1398 in
595 1351 828 1415 Capitolio
846 1386 861 1411 ‚
891 1351 939 1398 in
971 1351 1115 1415 capite
1147 1352 1215 1400 bis
1239 1353 1360 1401 bello
1389 1355 1532 1403 Persei

246 1436 378 1471 enata
411 1426 588 1487 palma,
615 1425 854 1473 vffloriam
888 1425 1228 1491 triumphosque
1270 1430 1533 1491 portendit:

251 1495 334 1542 hac
366 1497 698 1558 tempestatibus
729 1497 946 1560 prostrata
959 1535 972 1556 ‚
992 1500 1152 1546 eodem
1173 1500 1282 1548 loco
1300 1501 1410 1550 ficus
1429 1520 1534 1551 ena-

249 1582 293 1614 ta
323 1569 410 1627 est,
439 1572 502 1616 M.
523 1569 743 1626 Meffalae‚
771 1572 824 1617 C.
848 1572 982 1619 Caffii
1013 1573 1266 1623 Censorum
1302 1575 1454 1625 lustro.
1489 1579 1533 1624 A

247 1660 341 1706 quo
363 1656 566 1706 tempore
586 1643 848 1706 pudicitiam
868 1644 1123 1692 subversam
1139 1647 1241 1695 Piso
1259 1649 1408 1710 gravis
1425 1667 1531 1697 auc·

245 1730 324 1764 tor
344 1719 556 1780 prodidit.
578 1721 720 1782 Super
739 1718 891 1766 omnia
911 1737 1013 1783 quae
1031 1737 1228 1784 unquam
1246 1721 1395 1768 audita
1413 1721 1530 1782 sunt,

246 1792 332 1838 erit
367 1792 622 1855 prodigium
659 1794 706 1838 in
738 1792 897 1839 nostro
936 1809 1041 1840 aevo
1084 1794 1281 1840 Neronis
1311 1794 1529 1858 principis

245 1865 376 1912 ruina
410 1866 574 1913 fastum
604 1868 652 1913 in
687 1884 795 1931 agro
825 1867 1088 1914 Marrucino
1106 1904 1118 1925 ,
1148 1868 1293 1914 Veffii
1325 1870 1529 1917 Marcelli

246 1954 272 1984 e
304 1938 458 2000 primis
492 1938 705 2002 equestris
747 1939 919 1986 ordinis
950 1940 1128 1985 oliveto
1159 1939 1375 1987 universo
1405 1941 1530 1988 viam

248 2012 477 2072 publicam
524 2011 816 2075 transgresso,
851 2011 1058 2076 arvisque
1096 2012 1202 2058 inde
1233 2028 1258 2059 e
1295 2014 1528 2062 contrario

247 2082 294 2127 in
332 2082 484 2129 locum
523 2081 686 2129 oliveti
714 2082 939 2146 profestis.

313 2154 541 2201 XXXIX.
562 2155 698 2200 Nunc
724 2154 936 2217 expositis
958 2155 1172 2202 arborum
1194 2155 1391 2215 morbis,
1412 2173 1527 2204 con-

246 2227 504 2274 sentaneum
538 2228 598 2274 est
628 2229 775 2275 dicere
803 2230 853 2276 &
887 2230 1094 2276 remedia.
1130 2233 1197 2276 Ex
1228 2230 1296 2278 his
1321 2233 1525 2294 quaedam

246 2300 346 2346 sunt
367 2300 625 2347 communia
654 2303 857 2348 omnium
872 2338 886 2360 ‚
905 2303 1106 2365 quaedam
1126 2305 1311 2366 propria
1329 2321 1525 2367 quarun-

245 2371 361 2418 dam.
402 2372 709 2419 Communia:
745 2373 1027 2438 ablaqueatio
1050 2410 1064 2432 ,
1095 2376 1425 2435 accumulatio,
1454 2375 1526 2422 af*

245 2441 343 2488 flari
376 2443 545 2490 radices
564 2480 576 2500 ‚
610 2454 684 2490 aut
716 2445 971 2506 cooperiri,
998 2446 1135 2510 riguis
1169 2446 1271 2494 dato
1306 2461 1419 2509 potu
1446 2447 1524 2494 vel

245 2513 421 2572 ablato,
441 2514 534 2562 fimi
562 2515 696 2563 succo
717 2516 888 2564 refeffis
903 2554 915 2574 ‚
937 2519 1169 2580 putatione
1192 2518 1348 2565 levatis
1369 2536 1520 2567 onere.
