1653 2797
200 165 291 207 422
471 147 1247 194 c.t>L1N115ECUND1

200 269 375 304 tantum
402 254 532 318 nigro
560 254 792 319 tribuunt,
821 253 853 299 fi
883 254 1029 317 capita
1055 253 1149 316 ejus
1179 254 1254 303 vel
1279 253 1388 302 folia
1408 265 1473 302 te-

199 342 363 375 rantur.

264 400 475 447 LXXXI.
508 397 582 446 Est
603 399 653 446 &
669 397 897 461 porcilaca
912 433 926 455 ‚
947 414 1081 460 quam
1101 397 1253 461 peplin
1274 390 1446 446 vocant
1459 431 1475 454 ‚

199 489 297 517 non
329 473 521 517 multum
558 470 698 517 sativa
731 468 984 516 efficacior:
1019 468 1143 530 cujus
1163 469 1476 516 memorabiles

201 543 300 589 usus
330 543 577 590 traduntur.
612 542 876 605 Sagittarum
908 556 1112 597 venena,
1140 542 1189 587 &
1208 540 1487 605 serpentium

199 614 589 661 haemorrhoidum
607 649 620 671 ‚
651 614 701 659 &
733 611 975 674 presterum
998 611 1239 675 restingui:
1267 629 1351 675 pro
1373 612 1478 659 cibo

200 685 341 733 sumta
361 722 375 744 ,
401 687 451 733 &
476 685 616 750 plagis
649 684 855 746 imposita
869 679 887 741 ‚⁵
903 684 1089 732 extrahi.
1120 687 1228 731 Item
1248 685 1478 752 hyoscya-

202 761 264 806 ni
285 775 440 822 ,pota
471 777 495 806 e
533 759 654 835 passo
683 757 885 824 expreffo
917 757 1064 805 succo.
1113 759 1233 805 Cum
1262 759 1354 822 ipsa
1383 777 1479 805 non

202 832 292 890 est,
335 831 481 878 semen
512 830 604 892 ejus
643 829 771 875 fimili
803 830 956 877 effectu
988 831 1182 894 prodest.
1222 831 1396 878 Refistit
1429 834 1481 879 &

203 921 420 985 aquarum
456 902 610 960 vitiis,
634 902 789 965 capitis
823 903 1002 962 dolori,
1032 898 1398 968 hulceribusque‚
1431 905 1480 950 in

203 979 319 1023 vino
352 975 443 1022 tusa
472 976 522 1022 &
557 975 772 1037 imposita.
810 976 999 1038 Reliqua
1026 976 1206 1024 hulcera
1247 995 1481 1025 comman-

204 1050 366 1096 ducata
395 1066 498 1096 cum
524 1048 654 1094 melle
683 1047 816 1094 sanat.
843 1049 913 1095 Sic
949 1049 999 1095 ὅ(
1028 1049 1264 1097 infantium
1293 1050 1481 1097 cerebro

205 1123 482 1185 imponitur,
501 1120 806 1183 umbilicoque
827 1120 1066 1183 prociduo.
1086 1123 1135 1166 In
1153 1121 1381 1184 epiphoris
1401 1139 1479 1169 ve-

204 1211 259 1240 ro
293 1193 525 1250 omnium,
558 1191 700 1237 fronti
735 1191 1102 1254 temporibusque
1134 1210 1236 1239 cum
1280 1193 1480 1256 polenta.

206 1267 291 1313 Sed
324 1266 422 1329 ipsis
447 1264 616 1321 oculis,
653 1281 676 1310 e
705 1263 812 1310 labie
843 1265 892 1311 ὃ(
917 1264 1062 1310 melle.
1096 1265 1285 1323 Eadem,
1306 1266 1338 1311 s1
1367 1283 1479 1328 pro-

205 1339 356 1384 cidant
380 1335 533 1393 oculi,
564 1335 685 1382 foliis
707 1335 823 1382 tritis
845 1353 947 1382 cum
967 1335 1213 1383 corticibus
1234 1335 1360 1383 fabae.
1394 1339 1478 1383 Pu-

204 1412 327 1458 stulis
355 1429 458 1458 cum
477 1410 663 1474 polenta
688 1411 738 1456 &
758 1409 841 1456 sale
862 1446 876 1468 ,
909 1412 959 1456 &
984 1420 1128 1456 aceto.
1164 1409 1358 1457 Hulcera
1387 1410 1481 1456 oris

206 1497 519 1546 tumoremque
551 1483 837 1546 gingivarum
873 1482 1244 1530 commanducata
1263 1483 1400 1530 cruda
1419 1478 1497 1529 se?

208 1557 308 1601 dat:
345 1556 451 1601 item
479 1555 676 1600 dentium
707 1555 902 1601 dolores.
937 1554 1240 1601 Tonfillarum
1270 1555 1481 1613 hulcera,

206 1627 364 1674 succus
387 1626 594 1672 decoctae.
624 1625 821 1685 Quidam
841 1624 1040 1685 adjecere
1058 1626 1240 1686 paulum
1266 1626 1479 1688 myrrhae.
1528 1648 1530 1650 ’

207 1701 326 1745 Nam
346 1701 395 1746 ὃ(
408 1699 596 1745 mobiles
616 1699 767 1744 dentes
784 1697 946 1743 stabilit
964 1697 1346 1743 commanducata.
1366 1698 1481 1743 Cru-

208 1772 365 1818 ditates
391 1771 532 1828 sedat,
551 1787 804 1833 vocemque
822 1769 967 1815 firmat
983 1804 997 1827 ‚
1017 1770 1066 1815 &
1085 1768 1198 1814 sitim
1220 1780 1352 1815 arcet.
1373 1770 1482 1815 Cer-

208 1845 324 1892 vicis
353 1846 535 1892 dolores
551 1880 565 1902 ‚
585 1860 687 1891 cum
707 1843 819 1907 galla
835 1879 848 1901 ‚
866 1844 914 1890 &
937 1841 1018 1888 lini
1039 1841 1202 1888 semine
1216 1878 1231 1900 ‚
1260 1843 1309 1888 δε
1326 1842 1482 1901 melle,

208 1920 305 1981 pari
334 1918 535 1966 mensura
561 1918 692 1964 sedat.
727 1920 1022 1979 Mammarum
1043 1914 1182 1973 Vitia,
1202 1932 1302 1961 cum
1325 1914 1481 1972 melle,

209 2004 284 2037 aut
310 1992 508 2038 Cimolia
528 2003 660 2038 creta.
695 1974 913 2035 Salutaris
928 1987 988 2034 est
1016 1986 1282 2050 suspiriofis,
1317 1987 1481 2034 lemine

209 2080 313 2110 cum
346 2063 476 2110 melle
511 2054 682 2110 hausto.
718 2060 1045 2107 Stomachum
1034 2077 1080 2105 m
1111 2060 1308 2106 acetariis
1341 2059 1481 2106 sumta

209 2136 492 2182 corioborat.
512 2128 780 2182 Ardentibus
801 2132 1023 2179 febribus
1013 2131 1259 2194 imponitur
1275 2149 1375 2178 cum
1395 2149 1479 2194 po-

209 2211 344 2255 lenta.
378 2212 434 2255 Et
464 2209 569 2254 alias
598 2207 861 2254 manducata
893 2205 1118 2268 refrigerat
1143 2205 1275 2250 etiam
1309 2205 1481 2260 intesti-

211 2301 283 2330 na.
320 2283 608 2330 Vomitiones
628 2281 744 2327 fistit.
780 2279 1063 2345 Dyl‘enteriae
1080 2282 1132 2346 b&
1154 2279 1347 2327 vomicis
1368 2278 1482 2341 estur

214 2351 274 2400 ex*
302 2369 428 2401 aceto
445 2390 458 2412 ‚
493 2354 571 2400 vel
597 2353 762 2400 bibitur
784 2369 885 2398 curn
912 2351 1113 2398 cumino.⁴
1144 2348 1374 2396 Tenesmis
1400 2366 1481 2396 au-

212 2440 301 2474 tem
331 2429 484 2487 cotta,
515 2429 566 2476 &
592 2426 893 2478 comitialibus
925 2424 1029 2474 cibo
1051 2424 1126 2473 vel
1149 2436 1262 2486 potu
1286 2421 1480 2486 prodest.
