1653 2797
243 179 1233 230 NATUR.H18TOR.L113.XV1.
1318 200 1402 246 137

130 291 292 340 Valvas
315 292 400 340 effe
423 309 446 339 e
471 288 704 353 cupreflb,
723 287 773 335 δε
793 286 882 350 jam
904 289 1236 357 quadringentis
1259 309 1404 356 prope

123 366 250 413 annis
282 366 438 414 durare
469 361 699 410 materiem
734 377 919 409 omnem
948 381 1088 411 novae
1119 366 1317 413 fimilem.
1355 367 1404 413 Id

123 455 307 502 quoque
325 435 599 492 notandum,
619 434 779 481 valvas
797 433 844 479 in
862 434 1042 498 glutinis
1061 454 1277 503 compage
1297 456 1404 502 qua-

123 510 332 559 driennio
364 508 502 557 fuiffe.
548 508 789 571 Cupreffus
817 509 865 556 in
891 525 962 556 eas
993 508 1129 557 ele&a
1148 548 1162 570 ,
1188 513 1404 576 quoniam

121 595 284 648 praeter
317 591 462 636 cetera
489 596 586 626 uno
620 597 666 626 1n
693 596 853 644 genere
883 592 1080 628 matenae
1108 595 1231 628 n1tor
1259 584 1403 630 maxi-

120 673 192 703 me
217 655 367 702 valeat
395 665 600 702 aeternuS.
637 654 807 702 Nonne
831 653 1113 702 fimulacrum
1137 655 1330 717 Vejovis
1354 657 1403 702 in

116 744 219 776 arce
244 744 268 776 e
296 727 501 790 cupreffo
533 726 686 784 durat,
709 743 735 772 a
759 726 943 774 condita
971 727 1097 774 Urbe
1123 741 1284 775 DCLXI
1317 746 1399 774 an·-

119 819 182 849 no
208 801 432 848 dicatum?
467 799 764 848 Memorabile
784 801 834 847 δέ
852 800 1000 848 Uticae
1020 800 1238 864 templum
1257 802 1405 865 Apol·

118 876 252 934 linis,
278 876 357 923 ubi
393 874 737 922 Numidicarum
768 874 1008 923 cedrorum
1033 876 1180 923 trabes
1214 876 1402 934 durant,

118 949 181 997 ita
210 961 262 995 ut
290 948 447 1011 pofitae
472 947 594 994 fuere
623 947 768 1010 prima
792 947 913 995 urbis
935 947 1030 1010 ejus
1053 948 1252 1012 origine,
1274 950 1403 996 annis

118 1037 424 1069 MCLXXVHI.
472 1023 529 1067 Et
564 1020 611 1066 in
647 1020 862 1084 Hispania
906 1021 1091 1087 Sagunti
1128 1021 1252 1069 aiunt
1282 1035 1400 1069 tem-

117 1095 241 1158 plum
278 1095 440 1142 Dianae
473 1112 497 1141 a
530 1094 771 1159 Zacyntho
812 1096 1009 1143 adveffie
1048 1114 1151 1143 cum
1187 1097 1401 1143 condito·-

114 1161 237 1216 ribus
254 1205 267 1228 ,
288 1167 415 1215 annis
437 1167 640 1217 ducentis
661 1179 761 1214 ante
783 1167 1005 1216 excidium
1026 1168 1205 1230 Trojae,
1228 1180 1279 1215 ut
1298 1186 1401 1216 auc·

114 1255 190 1290 tor
215 1242 277 1289 est
295 1241 500 1289 Bocchus
515 1277 530 1299 ,
550 1239 756 1304 infraque
788 1243 1006 1305 oppidum
1028 1241 1171 1305 ipsum
1199 1242 1247 1288 id
1267 1243 1400 1290 habe-

114 1315 166 1362 ri.
205 1315 294 1362 Cui
324 1313 527 1377 pepercit
554 1313 777 1378 religione
811 1314 1015 1363 indu-stus
1048 1314 1298 1372 Hannibal,
1325 1314 1398 1377 ju-

113 1387 261 1451 niperi
289 1386 489 1434 trabibus
512 1385 645 1434 etiam
676 1404 796 1435 nunc
830 1386 1104 1436 durantibus.
1133 1389 1275 1449 Super
1295 1405 1398 1435 om-

113 1461 187 1507 nia
222 1470 494 1506 memoratur
526 1459 640 1507 aedes
672 1459 719 1505 in
749 1459 910 1508 Aulide
941 1459 1136 1518 ejusdem
1165 1460 1304 1519 Deae,
1328 1460 1397 1507 se-

113 1531 225 1581 culis
259 1532 434 1597 aliquot
468 1542 570 1579 ante
604 1529 856 1593 Trojanum
891 1531 1059 1578 bellum
1092 1531 1395 1592 exaedificata:

111 1623 310 1671 quonam
339 1622 499 1670 genere
525 1604 723 1652 materiae
747 1604 928 1652 scientia
948 1605 1199 1652 obliterata»
1231 1609 1282 1653 In
1301 1607 1398 1671 ple-

110 1696 219 1726 num
240 1678 329 1726 dici
351 1677 497 1741 potest
514 1713 529 1735 ,
552 1676 707 1741 utique
736 1694 844 1744 quae·
861 1678 1005 1727 odore
1036 1678 1320 1745 praecellant,
1344 1697 1396 1728 ea

111 1754 356 1801 aeternitate
378 1750 599 1815 praestare.

176 1830 216 1875 A
240 1827 460 1891 praediffis
491 1843 651 1873 morus
679 1827 890 1890 proxime
923 1828 1154 1887 laudatur,
1180 1846 1282 1893 quae
1313 1846 1394 1876 ve-

113 1900 270 1950 tustate
297 1900 430 1946 etiam
464 1898 680 1963 nigrescit.
721 1902 778 1946 Et
804 1901 1008 1964 quaedam
1043 1913 1193 1948 tamen
1222 1902 1269 1948 in
1299 1901 1396 1949 aliis

114 1973 397 2020 diuturniora
427 1972 528 2020 sunt
556 1974 702 2021 usibus
728 1989 860 2036 quam
891 1972 988 2019 alia.
1025 1972 1187 2020 Ulmus
1212 1959 1265 2018 in·
1287 1989 1394 2035 per-

111 2046 220 2093 flatu
251 2045 377 2092 firma
399 2081 412 2103 ,
441 2045 582 2092 robur
616 2046 834 2099 defossum
851 2082 866 2105 ‚
894 2047 943 2094 &
966 2045 1014 2091 in
1045 2045 1170 2109 aquis
1204 2062 1394 2109 quercus

113 2120 288 2168 obruta.
309 2121 474 2168 Eadem
490 2119 620 2183 supra
637 2132 801 2168 terram
818 2119 981 2169 rimosa
995 2119 1101 2167 facit
1118 2137 1280 2184 opera,
1297 2132 1392 2166 tor-

111 2195 294 2258 quendo
321 2193 420 2243 sese.
457 2195 589 2242 Larix
616 2195 663 2241 in
689 2195 880 2242 humore
907 2195 1136 2258 praecipua
1155 2231 1170 2254 ,
1194 2197 1244 2243 ὃς
1265 2195 1392 2241 alnus

112 2267 253 2331 nigra.
287 2268 448 2314 Robur
476 2269 645 2315 marina
671 2287 784 2334 aqua
816 2268 1134 2332 corrumpitur.
1172 2269 1281 2315 Non
1305 2268 1395 2313 im-

110 2342 330 2404 probatur
361 2344 411 2390 &
436 2342 561 2406 fagus
589 2342 636 2389 in
661 2360 800 2407 aqua,
821 2341 1062 2406 &juglans
1082 2360 1092 2388 :
1115 2342 1186 2388 hae
1212 2340 1393 2404 quidem

109 2416 157 2463 in
185 2416 280 2474 his,
300 2432 399 2481 quae
423 2413 716 2462 defodiuntur
732 2452 745 2474 ,
763 2414 841 2462 vel
869 2412 1152 2477 principales.
1189 2415 1295 2458 Item
1321 2410 1394 2473 ju-

110 2489 320 2554 niperus:
348 2487 501 2536 eadem
532 2488 580 2536 ὅ(
611 2487 881 2538 subdialibus
910 2487 1138 2551 aptiffima.
1180 2489 1320 2551 Fagus
1343 2487 1394 2533 &
