1653 2797
275 148 557 195 NATUR.
597 147 1063 196 HlsTOR.L113.
1095 150 1319 197 XVIII.
1366 167 1421 196 22

177 255 311 303 unius
330 255 423 317 ejus
445 254 805 316 duodetrigrinta
821 256 1062 304 volumina
1091 249 1285 305 censeret
1305 257 1352 305 in
1372 261 1454 305 La—

177 329 316 376 tinam
339 329 534 393 linguam
548 326 874 385 transferenda,
898 345 999 375 cum
1018 329 1105 390 jam
1125 333 1188 378 Μ.
1202 334 1319 378 Cato
1337 349 1456 394 proe-

178 416 308 465 cepta
341 400 632 450 condidiffet:
662 399 900 462 peritisque
935 401 1100 465 linguae
1132 405 1312 452 Punicae
1343 405 1455 451 dan--

175 478 281 524 dum
302 475 558 540 negotium,
579 474 626 520 in
656 491 752 538 quo
782 475 1000 537 praeceffit
1033 492 1189 523 omnes
1213 479 1286 523 vir
1307 476 1458 524 claris-

174 550 292 597 fimae
324 548 504 596 familiae
537 550 601 595 D.
620 548 813 594 Silanus.
847 547 1074 610 Sapientes
1100 565 1214 594 vero
1248 550 1457 612 compiu-

171 640 267 682 res,
294 640 410 686 quos
425 623 658 687 sequentes
675 622 994 685 praetexuimus
1013 622 1061 668 in
1078 623 1171 670 hoe
1194 624 1429 670 volumine
1442 659 1458 680 ‚
1475 658 1480 663 .

171 712 269 742 non
302 695 476 760 ingrate
507 694 793 741 nominando
813 697 876 741 M.
901 696 1138 754 Varrone,
1172 696 1251 759 qui
1270 696 1458 758 ofioge-

169 768 327 815 fimum
353 769 550 832 primum
580 770 689 818 vitae
722 787 891 816 annum
919 786 1082 833 agens,
1101 769 1156 817 de
1189 787 1241 817 ea
1265 787 1313 816 re
1344 787 1459 833 pro-

168 840 364 889 dendum
392 841 584 904 putavit.

234 913 368 976 Apud
385 914 622 960 Romanos
642 912 791 960 multo
814 911 956 959 serior
983 912 1150 961 vitium
1172 913 1346 962 cuItura
1367 915 1453 961 effe

169 985 327 1048 coepit.
362 985 606 1048 Primoque
625 1020 640 1043 ‚
673 996 724 1032 ut
755 985 926 1032 neceffe
957 998 1084 1044 erat,
1121 1003 1231 1034 awa
1274 997 1451 1033 tantum

167 1059 351 1105 coluere
372 1076 598 1123 :quorum
624 1058 757 1105 nobis
786 1058 906 1105 ratio
925 1075 1046 1106 nunc
1076 1059 1332 1105 traRabitur
1353 1076 1451 1106 non

166 1131 345 1195 vulgari
378 1133 552 1188 m0d0;
576 1149 764 1190 verum,
786 1144 835 1177 ut
869 1132 1013 1179 adhuc
1042 1131 1230 1179 fecimus
1245 1168 1260 1190 ‚
1283 1133 1334 1180 &
1366 1149 1451 1179 ve-

167 1203 292 1250 tustis
313 1206 362 1252 &
378 1204 531 1267 postea
551 1205 754 1251 inventis
775 1204 904 1250 omni
925 1221 1030 1251 cura
1047 1205 1322 1268 perquisitis,
1343 1222 1451 1252 cau-

163 1276 297 1340 saque
321 1295 472 1325 rerum
491 1280 541 1327 &
564 1279 742 1325 ratione
762 1278 888 1324 simul
917 1291 1055 1325 eruta.
1082 1277 1303 1325 Dicemus
1329 1279 1379 1325 &
1399 1277 1448 1324 sl-

119 1348 131 1363 *
164 1350 270 1396 dera
286 1387 300 1409 ‚
330 1351 609 1416 siderumque
641 1352 843 1415 ipsorum
861 1351 1083 1398 terrestria
1105 1351 1227 1415 signa
1244 1352 1450 1399 dabimus

161 1423 441 1473 indubitata:
480 1425 847 1490 quandoquidem
879 1425 961 1488 qui
993 1425 1137 1471 adhuc
1170 1441 1221 1481 ea
1256 1425 1447 1488 diligen-

165 1497 252 1545 tius
280 1500 530 1548 trae'tavere
544 1534 559 1556 ‚
592 1497 826 1561 quibusvis
843 1497 998 1560 potius
1015 1533 1033 1553 ,
1062 1513 1197 1559 quam
1216 1497 1452 1561 agricolis,

164 1568 375 1634 scripfiffe
402 1572 585 1635 pofl'unt
610 1572 773 1618 videri.

229 1647 307 1693 VI.
321 1651 389 1693 Ac
403 1646 599 1709 primum
616 1645 822 1693 omnium
845 1645 1038 1693 oraculis
1056 1643 1229 1706 majore
1247 1662 1305 1693 ex
1323 1658 1449 1709 parre

159 1735 345 1782 agemus
362 1755 382 1778 ‚v
408 1737 509 1783 quae
543 1735 642 1765 non
669 1719 716 1764 in
745 1719 839 1765 alio
869 1719 978 1766 vitae
999 1734 1161 1782 genere
1192 1719 1320 1780 plura
1349 1736 1452 1765 cer-

160 1791 343 1839 tiorave
374 1792 490 1839 sunt.
523 1793 620 1839 Cur
639 1792 762 1838 enim
794 1809 892 1838 non
914 1791 1157 1838 videantur
1180 1791 1392 1850 oracula,
1425 1810 1449 1838 a

162 1866 404 1912 certiffimo
438 1866 509 1912 die
533 1866 817 1929 maximeque
853 1865 1057 1912 veridico
1080 1864 1161 1911 usu
1187 1864 1417 1928 profem?

227 1937 506 2001 Principium
541 1952 692 1985 autem
723 1957 747 1985 a
770 1939 951 1985 Catone
979 1936 1210 1984 sumemus.
1243 1937 1449 1984 Fortissi-

162 2008 225 2054 mi
256 2009 348 2055 viri
376 2012 426 2057 &
451 2010 614 2057 milites
642 2009 922 2058 strenuiffimi
943 2027 1000 2056 ex
1022 2009 1233 2074 agricolis
1250 2010 1451 2074 gignun-

162 2097 262 2139 tur,
282 2083 556 2147 minimeque
579 2086 694 2131 male
714 2084 1011 2148 congitantes.
1041 2085 1265 2131 Praedium
1284 2102 1340 2131 ne
1364 2103 1452 2133 cu·—

162 2155 264 2218 pide
287 2173 420 2204 emas.
441 2159 491 2202 In
526 2175 573 2204 re
603 2158 766 2205 rustica
791 2175 944 2221 operae
965 2174 1021 2204 ne
1039 2175 1194 2221 parcas
1210 2195 1229 2217 ,
1261 2159 1308 2204 in
1338 2176 1450 2222 agro

162 2230 355 2276 emendo
388 2231 586 2278 minime.
626 2232 770 2292 Quod
804 2233 916 2280 male
948 2244 1118 2279 emtum
1146 2232 1235 2291 est,
1275 2231 1450 2295 semper

160 2303 371 2365 poenitet.
396 2306 563 2368 Agrum
581 2319 815 2369 paraturos
832 2319 933 2354 ante
950 2307 1104 2353 omnia
1122 2305 1286 2353 intueri
1306 2322 1447 2368 opor-

163 2389 224 2423 tet
268 2393 454 2440 aquam,
488 2379 634 2437 viam,
671 2383 722 2429 &
760 2381 977 2428 vicinum.
1047 2381 1227 2443 Singula
1266 2396 1446 2442 magna>

159 2450 551 2512 interpretationes
582 2452 775 2512 habent,
802 2471 886 2503 nec
914 2453 1088 2501 dubias,
1115 2453 1233 2499 Cato
1258 2452 1303 2498 in
1325 2469 1442 2499 con-

1085 2527 1116 2570 Ρ
1157 2540 1180 2586 3
