1653 2797
173 153 228 186 10
423 140 479 188 C.
524 140 776 188 PLINII
825 141 1203 193 SECUNDI

231 265 275 307 4.
304 247 496 312 Infignes
515 247 603 309 jam
628 248 785 296 colore
808 249 926 297 inter
944 267 1187 315 purpureas
1213 254 1446 321 nigrasque

167 321 319 368 medio
348 321 545 367 helvolae
560 357 573 380 ,
595 320 752 384 saepius
778 323 973 370 varianti
989 361 1003 385 ,
1021 327 1071 373 &
1096 327 1158 373 ob
1180 326 1226 373 id
1248 328 1444 377 varianae

168 412 193 441 a
222 394 487 458 quibusdam
515 395 761 459 appellatae.
805 397 1044 445 Praefertur
1069 400 1116 446 in
1148 402 1215 448 his
1245 403 1446 466 nigrior:

167 478 358 531 utraque
375 468 555 516 alternis
574 469 701 515 annis
718 468 897 529 fertilis,
913 469 986 516 sed
1001 473 1164 520 melior
1181 474 1295 521 vino
1310 512 1326 532 ,
1345 492 1448 522 cum

157 541 362 603 parcior.
399 542 455 587 Et
482 541 649 588 Preciae
679 541 772 588 duo
804 560 965 607 genera
997 546 1300 608 magnitudine
1332 547 1450 594 acini

169 609 503 671 discernuntur,
525 613 689 676 quibus
709 613 913 659 materies
933 613 1122 676 plurima
1137 652 1150 674 ‚
1175 634 1354 681 uvaque
1378 618 1451 664 ol-

167 684 221 731 lis
250 685 501 745 manaim,
525 685 687 733 folium
712 686 817 750 apio
846 686 997 733 fimile.
1026 688 1253 734 Basilicam
1270 689 1451 752 Dyrra-

168 758 294 804 chini.
324 757 574 818 celebrant,
607 759 830 822 Hispaniae
863 759 1112 806 cocolobin
1138 773 1323 807 vocant.
1362 761 1450 806 Ra-

170 829 266 875 rior
286 847 403 888 uva,
431 830 557 877 aestus
568 827 842 893 'austrosque
864 830 1054 875 tolerat:
1084 832 1220 893 capiti
1237 831 1450 890 inimica,

169 903 304 965 copia
335 903 466 966 larga.
514 902 739 965 Hispaniae
783 903 874 948 duo
911 920 1072 966 genera
1111 902 1204 966 ejus
1239 904 1449 952 faciunt:

170 992 312 1021 unum
345 975 550 1038 oblongo
582 976 749 1033 acino,
773 975 961 1022 alterum
994 977 1229 1024 rotundo:
1262 977 1453 1024 noviffi-

169 1064 262 1095 mas
288 1048 584 1096 vindemiant.
629 1050 740 1108 Quo
761 1049 939 1096 dulcior
962 1048 1200 1096 cocolobis
1214 1085 1228 1108 ,
1245 1049 1336 1097 hoc
1355 1066 1451 1095 me-

169 1120 273 1167 lior.
318 1121 403 1166 Sed
435 1123 484 1167 Sc
519 1120 690 1168 austera
718 1120 873 1166 transit
909 1121 956 1166 in
993 1121 1168 1168 dulcem
1200 1121 1450 1170 vetustate:

171 1193 222 1239 &
259 1210 357 1256 quae
389 1193 532 1240 dulcis
565 1192 676 1251 fuit,
711 1191 759 1238 in
800 1191 1128 1238 austeritatem:
1167 1203 1275 1239 tunc
1311 1193 1452 1241 Alba-

171 1279 280 1308 num
300 1262 459 1309 vinum
490 1263 773 1309 aemulantur.
807 1262 1012 1308 Tradunt
1031 1262 1191 1310 vesicae
1213 1262 1336 1310 vitiis
1361 1264 1453 1309 uti-

170 1334 377 1381 liffimum
407 1352 463 1382 ex
498 1335 564 1381 his
596 1346 770 1398 potum.
823 1334 1024 1381 Albuelis
1064 1333 1242 1380 summis
1279 1334 1452 1382 arbori-
1501 1363 1503 1367 ,

173 1406 254 1453 bus
293 1406 487 1455 fertilior
517 1407 605 1466 est,
641 1406 795 1453 Visula
829 1406 942 1454 imis.
993 1407 1301 1467 Quamobrem
1334 1408 1453 1455 circa

172 1480 342 1527 easdem
378 1481 477 1528 satae
512 1469 766 1528 diversitate
801 1492 970 1527 naturae
1004 1480 1297 1543 locupletant‘
1333 1483 1452 1527 Iner-

174 1551 357 1600 ticulam
376 1570 399 1599 e
421 1552 559 1616 nigris
588 1552 869 1615 appellavere
885 1587 898 1610 ,
921 1551 1072 1614 justius
1099 1552 1293 1599 sobriam
1315 1550 1454 1600 dichi-

173 1625 241 1682 ri,
260 1626 514 1672 inveterato
546 1625 769 1687 praecipue
792 1624 1197 1671 commendabilem
1216 1625 1330 1672 vino
1345 1661 1358 1683 ,
1380 1624 1453 1671 sed

175 1698 350 1745 viribus
376 1698 633 1746 innoxiam:
666 1697 881 1762 fiquidem
908 1697 1215 1746 temulentiam
1240 1696 1333 1744 sola
1356 1713 1452 1744 non

177 1771 296 1820 facit.

185 1874 187 1876 ·
250 1861 288 1906 5.
317 1847 536 1896 Fertilitas
569 1847 855 1896 commendat
889 1857 1054 1893 ceteras
1072 1883 1087 1904 ,
1114 1845 1456 1909 principemque

176 1919 481 1967 helvenacam.
516 1922 629 1969 Duo
658 1919 754 1982 ejus
783 1936 975 1983 genera:
1009 1917 1178 1980 major,
1205 1936 1336 1981 quam
1357 1917 1456 1981 quin
1498 1928 1501 1930 ’

177 1994 277 2040 dam
298 1995 501 2058 longam:
521 1997 689 2054 minor,
706 2012 841 2058 quam
860 2011 1083 2041 emarcum
1101 1993 1340 2056 appellant,
1358 2009 1456 2039 non

178 2083 267 2114 tam
297 2067 554 2115 foecundam
570 2105 583 2127 ,
604 2068 678 2115 sed
703 2068 943 2132 gratiorem
972 2066 1138 2114 haustu.
1174 2063 1459 2113 Discernitur

178 2139 295 2186 folio
331 2141 585 2188 circinato:
628 2157 789 2187 verum
831 2152 1017 2202 utraque
1054 2137 1248 2202 gracilis.
1294 2140 1456 2183 Furcas

179 2210 361 2257 subdere
398 2212 465 2258 his
501 2212 815 2258 necessarium:
848 2211 1019 2275 alioqui
1055 2211 1299 2257 ubertatem
1335 2209 1455 2256 suam

179 2300 274 2329 non
308 2285 503 2332 tolerant
529 2304 539 2331 :
581 2285 809 2331 maritimo
840 2285 988 2331 afflatu
1021 2284 1243 2348 gaudent,
1277 2281 1456 2329 roscido

178 2358 335 2405 odore.
388 2359 522 2405 Nulla
558 2358 722 2405 vitium
757 2358 903 2404 minus
945 2358 1115 2405 Italiam
1148 2368 1296 2415 amat,
1325 2370 1456 2412 rara,

178 2446 345 2492 parva,
375 2430 628 2494 putrescens
654 2429 701 2477 in
734 2446 812 2477 ea:
842 2429 956 2478 vino
989 2445 1173 2494 quoque
1190 2465 1205 2488 ‚
1233 2425 1357 2492 quod
1382 2440 1455 2489 ge-
