1653 2797
227 162 319 230 375
498 157 553 204 c,
598 144 846 203 PLINII
895 145 1306 205 saeuums

224 284 379 317 nerem
405 264 622 314 stimulari
641 264 698 311 ab
730 263 792 311 eis
810 264 1050 327 professus:
1081 265 1188 311 item
1212 263 1497 328 Dionysius:

228 339 456 404 magisque
476 375 489 397 ,
513 338 542 384 fi
562 355 693 384 eruca
721 338 1026 384 condirentur.
1061 337 1198 385 To'sta
1226 337 1410 402 quoque
1428 354 1500 384 ar·-

226 414 476 460 ticulorum
506 410 659 457 dolori
687 427 788 457 cum
805 410 932 472 adipe
953 409 1166 473 prodesse.

292 487 352 533 X.
381 484 590 532 Silvestre
621 501 777 547 rapum
811 483 858 529 in
894 483 1014 530 arvis
1049 483 1244 529 maxime
1278 481 1502 541 nascitur,

229 559 526 619 fruticosum,
549 559 712 606 semine
738 558 963 615 candido,
993 556 1133 620 duplo
1153 556 1352 616 majore,
1372 574 1505 622 quam

228 632 481 699 papaveris.
517 633 621 679 Hoc
646 632 701 678 ad
720 630 1014 711 laevigandam
1034 640 1180 676 cutem
1200 628 1246 674 in
1267 628 1389 675 facie
1397 640 1503 688 ‚to-

228 720 370 772 toque
391 721 617 770 corpore,
646 716 863 763 utuntur,
900 704 1041 750 mixta
1061 698 1231 760 farina,
1254 702 1347 765 pari
1377 719 1504 750 men-

229 781 363 839 sura²
398 779 532 837 ervi,
565 777 757 835 hordei,
790 760 962 838 tritici,
992 776 1041 823 &
1077 774 1235 844 lupini.
1272 774 1418 821 Radix
1451 775 1506 822 ad

231 854 386 900 omnia
417 813 602 897 inutilis

312 926 393 971 XI.
423 924 663 986 Naporum
695 920 801 967 duas
833 920 1101 969 differentias
1134 922 1185 969 &
1214 921 1262 969 in
1291 921 1510 969 medicina

232 996 387 1044 Craeci
404 995 596 1043 servant.
619 994 857 1059 Angulosis
883 994 1102 1042 foliorum
1126 996 1324 1043 caulibus
1344 995 1509 1042 floren-

232 1071 291 1117 tis
310 1106 323 1128 ‚
353 1068 479 1132 quod
500 1067 676 1115 bunion
709 1079 882 1114 vocant
901 1103 914 1126 ‚
952 1068 1294 1132 purgationibus
1322 1068 1512 1115 femina-

232 1161 361 1202 rum,
399 1144 449 1189 ὃ(
478 1143 637 1189 veficae
669 1142 719 1188 &
745 1141 887 1187 urinae
918 1142 1026 1189 utile
1060 1142 1294 1189 decoctum
1312 1178 1327 1201 ‚
1354 1154 1513 1206 potum

234 1234 294 1265 ex
320 1233 433 1279 aqua
463 1215 625 1274 mulsa,
661 1213 738 1262 vel
762 1213 880 1261 succi
910 1215 1131 1263 drachma.
1164 1217 1322 1262 Semen
1347 1215 1515 1280 dysen-

234 1287 387 1338 tericis
408 1288 574 1336 tostum
589 1323 602 1347 ,
623 1289 871 1352 tritumque
899 1288 947 1333 in
976 1305 1087 1351 aqua
1108 1289 1269 1347 calida,
1292 1305 1314 1335 e
1337 1287 1514 1352 cyathis

234 1373 446 1426 quatuor.
471 1362 558 1409 Sed
581 1361 756 1407 urinam
776 1360 970 1418 inhibet,
992 1362 1023 1407 fi
1041 1378 1137 1407 non
1156 1361 1237 1408 lini
1257 1361 1404 1408 semen
1424 1377 1515 1408 una

236 1435 431 1482 bibatur.
463 1434 666 1481 Alterum
697 1451 836 1497 genus
862 1434 1057 1481 buniada
1080 1434 1332 1498 appellant,
1357 1436 1407 1482 &
1441 1450 1515 1480 rau

238 1506 395 1570 phano
425 1508 474 1554 δε
505 1523 615 1568 rapo
642 1505 804 1562 simile,
829 1504 1005 1553 seminis
1026 1505 1412 1569 praeclari'contra
1438 1523 1516 1553 ve*-

241 1595 388 1625 nena:
429 1578 490 1623 ob
512 1578 557 1622 id
589 1579 638 1624 &
670 1577 716 1622 in
749 1577 962 1623 antidotis
997 1591 1185 1625 utuntur
1209 1580 1305 1626 illo.

307 1653 404 1699 XII.
431 1651 693 1713 Raphanum
716 1651 764 1697 &
788 1648 1030 1696 silvestrem
1059 1650 1141 1696 effe
1167 1652 1374 1698 diximus.
1405 1653 1518 1697 Lau-

244 1724 488 1771 datiffimus
513 1724 560 1768 in
582 1723 795 1769 Arcadia:
823 1739 1077 1786 quanquam
1106 1724 1154 1769 &
1176 1717 1282 1770 ali‘bi
1302 1722 1516 1780 nascitur,

244 1796 404 1844 utilior
423 1796 565 1841 urinae
586 1795 816 1841 dumtaxat
842 1795 1023 1842 ciendae.
1050 1796 1216 1842 Cetero
1239 1795 1396 1843 aestivo
1416 1794 1518 1842 usus

251 1869 302 1916 in
329 1869 481 1927 Italia,
513 1871 564 1916 &
591 1868 884 1914 armoraciam
914 1881 1098 1915 vocant.

313 1944 430 1990 XIII.
450 1945 506 1988 Et
524 1941 653 1990 sativi
672 1959 804 2002 vero,
822 1953 983 2006 praeter
1002 1959 1052 1988 ea
1075 1959 1173 2006 quae
1192 1942 1308 1989 circa
1327 1958 1405 1989 eos
1423 1941 1519 1989 dic-

247 2027 293 2062 ta
323 2014 421 2061 sunt
437 2051 451 2073 ‚
475 2015 758 2063 stomachum
774 2027 964 2079 purgant
978 2051 992 2073 ‚
1013 2015 1219 2077 pituitam
1247 2026 1489 2061 extenuant
1502 2051 1519 2072 ,

250 2087 426 2135 urinam
456 2088 720 2146 concitant,
747 2089 883 2134 bilem
907 2087 1154 2135 detrahunt.
1180 2090 1394 2135 Praeterea
1419 2104 1523 2136 cor-2

251 2159 362 2206 tices
390 2159 439 2205 in
472 2159 587 2205 vino
618 2160 792 2206 decocti
813 2196 826 2218 ,
856 2177 985 2207 mane
1015 2160 1114 2222 poti
1142 2159 1196 2205 ad
1226 2170 1378 2206 ternos
1407 2176 1519 2222 eya-

252 2232 381 2291 thos,
421 2232 737 2279 comminuunt
771 2233 820 2281 &
851 2230 1034 2294 ejiciunt
1068 2229 1274 2277 calculos.
1309 2230 1444 2276 Iidem
1473 2229 1541 2286 in.
1588 2285 1591 2288 X

252 2305 388 2368 posca
413 2305 585 2353 decocti
606 2320 764 2352 contra
784 2304 1054 2367 serpentium
1083 2302 1255 2351 morsus
1275 2303 1520 2349 illinuntur.

255 2378 325 2423 Ad
354 2378 498 2424 tuffim
517 2378 649 2424 etiam
666 2395 791 2424 mane
808 2376 969 2440 jejunis
988 2375 1206 2438 raphanus
1224 2374 1401 2439 prodest
1421 2392 1521 2422 cum

256 2452 386 2499 melle
409 2472 420 2501 ε
446 2452 593 2505 semen
623 2469 783 2500 eorum
813 2451 977 2499 tostum
996 2487 1009 2509 ,
1038 2450 1266 2513 ipsumque
1294 2465 1520 2497 comman-
