<?xml version="1.0" encoding="UTF-8"?>
<!DOCTYPE html PUBLIC "-//W3C//DTD XHTML 1.0 Transitional//EN"
    "http://www.w3.org/TR/xhtml1/DTD/xhtml1-transitional.dtd">
<html xmlns="http://www.w3.org/1999/xhtml" xml:lang="en" lang="en">
 <head>
  <title>
</title>
<meta http-equiv="Content-Type" content="text/html;charset=utf-8" />
  <meta name='ocr-system' content='tesseract 3.04.00' />
  <meta name='ocr-capabilities' content='ocr_page ocr_carea ocr_par ocr_line ocrx_word'/>
</head>
<body>
  <div class='ocr_page' id='page_1' title='image "./caiipliniisecund03plinuoft_0055.png"; bbox 0 0 1653 2797; ppageno 0'>
   <div class='ocr_carea' id='block_1_1' title="bbox 201 150 1354 252">
    <p class='ocr_par' dir='ltr' id='par_1_1' title="bbox 201 150 1354 252">
     <span class='ocr_line' id='line_1_1' title="bbox 201 150 1354 252; baseline -0.006 -12"><span class='ocrx_word' id='word_1_1' title='bbox 201 190 485 240; x_wconf 76' lang='lat' dir='ltr'><strong>NATUR.</strong></span> <span class='ocrx_word' id='word_1_2' title='bbox 536 150 850 236; x_wconf 61' lang='lat' dir='ltr'><strong>H13Toass</strong></span> <span class='ocrx_word' id='word_1_3' title='bbox 896 187 1027 234; x_wconf 64' lang='grc' dir='ltr'><strong>ΜΒ.</strong></span> <span class='ocrx_word' id='word_1_4' title='bbox 1066 186 1187 234; x_wconf 82' lang='lat' dir='ltr'><strong>XV.</strong></span> <span class='ocrx_word' id='word_1_5' title='bbox 1292 208 1354 252; x_wconf 69' lang='lat'><strong>49</strong></span> 
     </span>
    </p>
   </div>
   <div class='ocr_carea' id='block_1_2' title="bbox 71 287 1366 2478">
    <p class='ocr_par' dir='ltr' id='par_1_2' title="bbox 71 287 1362 1020">
     <span class='ocr_line' id='line_1_2' title="bbox 71 287 1356 360; baseline -0.004 -11"><span class='ocrx_word' id='word_1_6' title='bbox 71 312 122 349; x_wconf 84' lang='lat' dir='ltr'><strong>ut</strong></span> <span class='ocrx_word' id='word_1_7' title='bbox 154 299 296 349; x_wconf 75' lang='lat' dir='ltr'><strong>fiaces</strong></span> <span class='ocrx_word' id='word_1_8' title='bbox 329 303 380 348; x_wconf 90' lang='lat'>&amp;</span> <span class='ocrx_word' id='word_1_9' title='bbox 408 312 586 346; x_wconf 87' lang='lat' dir='ltr'><strong>amurca</strong></span> <span class='ocrx_word' id='word_1_10' title='bbox 615 296 857 360; x_wconf 86' lang='lat' dir='ltr'><strong>liquentur.</strong></span> <span class='ocrx_word' id='word_1_11' title='bbox 889 296 966 342; x_wconf 85' lang='lat' dir='ltr'><strong>Ob</strong></span> <span class='ocrx_word' id='word_1_12' title='bbox 987 295 1032 341; x_wconf 89' lang='lat' dir='ltr'><strong>id</strong></span> <span class='ocrx_word' id='word_1_13' title='bbox 1053 295 1250 343; x_wconf 78' lang='lat' dir='ltr'><strong>crebrius</strong></span> <span class='ocrx_word' id='word_1_14' title='bbox 1271 287 1356 355; x_wconf 51' lang='lat' dir='ltr'><strong>isa·</strong></span> 
     </span>
     <span class='ocr_line' id='line_1_3' title="bbox 72 369 1357 434; baseline -0.005 -10"><span class='ocrx_word' id='word_1_15' title='bbox 72 377 115 424; x_wconf 90' lang='lat' dir='ltr'><strong>sa</strong></span> <span class='ocrx_word' id='word_1_16' title='bbox 148 372 386 431; x_wconf 74' lang='lat' dir='ltr'><strong>mutanda,</strong></span> <span class='ocrx_word' id='word_1_17' title='bbox 415 371 588 418; x_wconf 77' lang='lat' dir='ltr'><strong>fiscinas</strong></span> <span class='ocrx_word' id='word_1_18' title='bbox 624 369 812 433; x_wconf 82' lang='lat' dir='ltr'>spongia</span> <span class='ocrx_word' id='word_1_19' title='bbox 843 370 1107 432; x_wconf 76' lang='lat' dir='ltr'><strong>tergendas,</strong></span> <span class='ocrx_word' id='word_1_20' title='bbox 1145 382 1192 417; x_wconf 88' lang='lat' dir='ltr'><strong>ut</strong></span> <span class='ocrx_word' id='word_1_21' title='bbox 1224 388 1357 434; x_wconf 87' lang='lat' dir='ltr'><strong>quam</strong></span> 
     </span>
     <span class='ocr_line' id='line_1_4' title="bbox 73 441 1360 510; baseline -0.005 -12"><span class='ocrx_word' id='word_1_22' title='bbox 73 451 265 498; x_wconf 82' lang='lat' dir='ltr'>maxime</span> <span class='ocrx_word' id='word_1_23' title='bbox 291 463 402 510; x_wconf 88' lang='lat' dir='ltr'><strong>pura</strong></span> <span class='ocrx_word' id='word_1_24' title='bbox 435 444 660 491; x_wconf 79' lang='lat' dir='ltr'><strong>sinceritas</strong></span> <span class='ocrx_word' id='word_1_25' title='bbox 689 441 875 489; x_wconf 87' lang='lat' dir='ltr'><strong>constet.</strong></span> <span class='ocrx_word' id='word_1_26' title='bbox 906 442 1061 488; x_wconf 84' lang='lat' dir='ltr'><strong>Postea</strong></span> <span class='ocrx_word' id='word_1_27' title='bbox 1086 444 1327 491; x_wconf 84' lang='lat' dir='ltr'><strong>inventum</strong></span> <span class='ocrx_word' id='word_1_28' title='bbox 1345 481 1360 503; x_wconf 86' lang='lat'>‚</span> 
     </span>
     <span class='ocr_line' id='line_1_5' title="bbox 74 516 1362 583; baseline -0.005 -12"><span class='ocrx_word' id='word_1_29' title='bbox 74 537 124 571; x_wconf 87' lang='lat' dir='ltr'><strong>ut</strong></span> <span class='ocrx_word' id='word_1_30' title='bbox 147 525 405 570; x_wconf 76' lang='lat' dir='ltr'><strong>lavarentur</strong></span> <span class='ocrx_word' id='word_1_31' title='bbox 440 516 829 583; x_wconf 63' lang='lat' dir='ltr'><strong>utique‘ferventi</strong></span> <span class='ocrx_word' id='word_1_32' title='bbox 860 533 1000 580; x_wconf 82' lang='lat' dir='ltr'><strong>aqua:</strong></span> <span class='ocrx_word' id='word_1_33' title='bbox 1032 518 1237 579; x_wconf 82' lang='lat' dir='ltr'><strong>protinus</strong></span> <span class='ocrx_word' id='word_1_34' title='bbox 1256 536 1362 582; x_wconf 89' lang='lat' dir='ltr'><strong>pre-</strong></span> 
     </span>
     <span class='ocr_line' id='line_1_6' title="bbox 74 589 1361 656; baseline -0.004 -14"><span class='ocrx_word' id='word_1_35' title='bbox 74 597 124 644; x_wconf 91' lang='lat' dir='ltr'><strong>lo</strong></span> <span class='ocrx_word' id='word_1_36' title='bbox 143 593 466 656; x_wconf 78' lang='lat' dir='ltr'><strong>subjicerentur</strong></span> <span class='ocrx_word' id='word_1_37' title='bbox 494 590 647 637; x_wconf 84' lang='lat' dir='ltr'><strong>solidae</strong></span> <span class='ocrx_word' id='word_1_38' title='bbox 663 625 678 648; x_wconf 80' lang='lat'>‚</span> <span class='ocrx_word' id='word_1_39' title='bbox 700 590 761 635; x_wconf 90' lang='lat' dir='ltr'><strong>ita</strong></span> <span class='ocrx_word' id='word_1_40' title='bbox 792 589 911 635; x_wconf 87' lang='lat' dir='ltr'><strong>enim</strong></span> <span class='ocrx_word' id='word_1_41' title='bbox 937 604 1115 637; x_wconf 83' lang='lat' dir='ltr'><strong>amurca</strong></span> <span class='ocrx_word' id='word_1_42' title='bbox 1145 593 1361 653; x_wconf 68' lang='lat' dir='ltr'><strong>exprimi-</strong></span> 
     </span>
     <span class='ocr_line' id='line_1_7' title="bbox 76 662 1360 726; baseline -0.002 -13"><span class='ocrx_word' id='word_1_43' title='bbox 76 680 172 714; x_wconf 87' lang='lat' dir='ltr'><strong>tur:</strong></span> <span class='ocrx_word' id='word_1_44' title='bbox 194 680 306 712; x_wconf 84' lang='lat' dir='ltr'><strong>mox</strong></span> <span class='ocrx_word' id='word_1_45' title='bbox 322 664 505 726; x_wconf 80' lang='lat' dir='ltr'>trapetis</span> <span class='ocrx_word' id='word_1_46' title='bbox 523 662 671 709; x_wconf 64' lang='lat' dir='ltr'><strong>fraEiae</strong></span> <span class='ocrx_word' id='word_1_47' title='bbox 688 674 996 725; x_wconf 78' lang='lat' dir='ltr'><strong>premerentur</strong></span> <span class='ocrx_word' id='word_1_48' title='bbox 1016 662 1190 709; x_wconf 88' lang='lat' dir='ltr'><strong>iterum.</strong></span> <span class='ocrx_word' id='word_1_49' title='bbox 1216 663 1360 710; x_wconf 87' lang='lat' dir='ltr'><strong>Premi</strong></span> 
     </span>
     <span class='ocr_line' id='line_1_8' title="bbox 73 733 1360 802; baseline -0.003 -17"><span class='ocrx_word' id='word_1_50' title='bbox 73 739 173 802; x_wconf 86' lang='lat' dir='ltr'><strong>plus</strong></span> <span class='ocrx_word' id='word_1_51' title='bbox 211 754 345 800; x_wconf 87' lang='lat' dir='ltr'><strong>quam</strong></span> <span class='ocrx_word' id='word_1_52' title='bbox 384 746 601 782; x_wconf 83' lang='lat' dir='ltr'><strong>centenos</strong></span> <span class='ocrx_word' id='word_1_53' title='bbox 632 733 844 791; x_wconf 82' lang='lat' dir='ltr'><strong>modios,</strong></span> <span class='ocrx_word' id='word_1_54' title='bbox 877 749 973 780; x_wconf 88' lang='lat' dir='ltr'><strong>non</strong></span> <span class='ocrx_word' id='word_1_55' title='bbox 1006 734 1216 796; x_wconf 84' lang='lat' dir='ltr'><strong>probant.</strong></span> <span class='ocrx_word' id='word_1_56' title='bbox 1251 737 1360 781; x_wconf 69' lang='lat' dir='ltr'><strong>Fac=</strong></span> 
     </span>
     <span class='ocr_line' id='line_1_9' title="bbox 72 806 1361 870; baseline -0.003 -12"><span class='ocrx_word' id='word_1_57' title='bbox 72 825 145 860; x_wconf 87' lang='lat' dir='ltr'><strong>tus</strong></span> <span class='ocrx_word' id='word_1_58' title='bbox 171 823 381 859; x_wconf 87' lang='lat' dir='ltr'><strong>vocatur.</strong></span> <span class='ocrx_word' id='word_1_59' title='bbox 413 809 559 870; x_wconf 80' lang='lat' dir='ltr'><strong>Quod</strong></span> <span class='ocrx_word' id='word_1_60' title='bbox 578 825 692 855; x_wconf 85' lang='lat' dir='ltr'><strong>vero</strong></span> <span class='ocrx_word' id='word_1_61' title='bbox 729 806 830 870; x_wconf 87' lang='lat' dir='ltr'><strong>post</strong></span> <span class='ocrx_word' id='word_1_62' title='bbox 860 807 1032 853; x_wconf 86' lang='lat' dir='ltr'><strong>molam</strong></span> <span class='ocrx_word' id='word_1_63' title='bbox 1051 808 1248 870; x_wconf 88' lang='lat' dir='ltr'><strong>primum</strong></span> <span class='ocrx_word' id='word_1_64' title='bbox 1267 808 1329 854; x_wconf 89' lang='lat' dir='ltr'><strong>est</strong></span> <span class='ocrx_word' id='word_1_65' title='bbox 1346 845 1361 868; x_wconf 83' lang='lat'>‚</span> 
     </span>
     <span class='ocr_line' id='line_1_10' title="bbox 75 879 1362 946; baseline -0.003 -15"><span class='ocrx_word' id='word_1_66' title='bbox 75 885 175 933; x_wconf 83' lang='lat' dir='ltr'><strong>flos.</strong></span> <span class='ocrx_word' id='word_1_67' title='bbox 205 885 360 931; x_wconf 63' lang='lat' dir='ltr'><strong>FaEtus</strong></span> <span class='ocrx_word' id='word_1_68' title='bbox 388 894 476 929; x_wconf 85' lang='lat' dir='ltr'><strong>tres</strong></span> <span class='ocrx_word' id='word_1_69' title='bbox 505 881 685 946; x_wconf 83' lang='lat' dir='ltr'><strong>gemino</strong></span> <span class='ocrx_word' id='word_1_70' title='bbox 714 879 821 926; x_wconf 87' lang='lat' dir='ltr'><strong>foro</strong></span> <span class='ocrx_word' id='word_1_71' title='bbox 849 897 872 926; x_wconf 88' lang='lat' dir='ltr'><strong>a</strong></span> <span class='ocrx_word' id='word_1_72' title='bbox 905 881 1130 943; x_wconf 77' lang='lat' dir='ltr'><strong>quaternis</strong></span> <span class='ocrx_word' id='word_1_73' title='bbox 1159 881 1362 928; x_wconf 82' lang='lat' dir='ltr'><strong>homini-</strong></span> 
     </span>
     <span class='ocr_line' id='line_1_11' title="bbox 75 954 959 1020; baseline -0.008 -13"><span class='ocrx_word' id='word_1_74' title='bbox 75 959 160 1007; x_wconf 88' lang='lat' dir='ltr'><strong>bus</strong></span> <span class='ocrx_word' id='word_1_75' title='bbox 190 961 321 1006; x_wconf 59' lang='lat' dir='ltr'><strong>nocte</strong></span> <span class='ocrx_word' id='word_1_76' title='bbox 342 975 394 1005; x_wconf 86' lang='lat' dir='ltr'><strong>ac</strong></span> <span class='ocrx_word' id='word_1_77' title='bbox 419 957 489 1003; x_wconf 90' lang='lat' dir='ltr'><strong>die</strong></span> <span class='ocrx_word' id='word_1_78' title='bbox 519 956 662 1020; x_wconf 85' lang='lat' dir='ltr'><strong>premi</strong></span> <span class='ocrx_word' id='word_1_79' title='bbox 692 955 855 1015; x_wconf 84' lang='lat' dir='ltr'><strong>justum</strong></span> <span class='ocrx_word' id='word_1_80' title='bbox 885 954 959 1001; x_wconf 86' lang='lat' dir='ltr'><strong>est.</strong></span> 
     </span>
    </p>

    <p class='ocr_par' dir='ltr' id='par_1_3' title="bbox 75 1026 1366 2478">
     <span class='ocr_line' id='line_1_12' title="bbox 144 1026 1364 1092; baseline -0.002 -14"><span class='ocrx_word' id='word_1_81' title='bbox 144 1031 239 1078; x_wconf 90' lang='lat' dir='ltr'>VII.</span> <span class='ocrx_word' id='word_1_82' title='bbox 263 1032 372 1077; x_wconf 89' lang='lat' dir='ltr'><strong>Non</strong></span> <span class='ocrx_word' id='word_1_83' title='bbox 394 1041 487 1075; x_wconf 82' lang='lat' dir='ltr'><strong>erat</strong></span> <span class='ocrx_word' id='word_1_84' title='bbox 506 1040 601 1074; x_wconf 89' lang='lat' dir='ltr'><strong>tum</strong></span> <span class='ocrx_word' id='word_1_85' title='bbox 623 1026 827 1074; x_wconf 68' lang='lat' dir='ltr'><strong>fiffitium</strong></span> <span class='ocrx_word' id='word_1_86' title='bbox 847 1027 997 1074; x_wconf 79' lang='lat' dir='ltr'><strong>oleum</strong></span> <span class='ocrx_word' id='word_1_87' title='bbox 1013 1026 1237 1092; x_wconf 66' lang='lat' dir='ltr'><strong>:ideoque</strong></span> <span class='ocrx_word' id='word_1_88' title='bbox 1255 1028 1364 1075; x_wconf 83' lang='lat' dir='ltr'><strong>arbi-</strong></span> 
     </span>
     <span class='ocr_line' id='line_1_13' title="bbox 75 1100 1364 1164; baseline -0.004 -13"><span class='ocrx_word' id='word_1_89' title='bbox 75 1117 174 1151; x_wconf 86' lang='lat' dir='ltr'><strong>tror</strong></span> <span class='ocrx_word' id='word_1_90' title='bbox 191 1103 244 1150; x_wconf 92' lang='lat' dir='ltr'><strong>de</strong></span> <span class='ocrx_word' id='word_1_91' title='bbox 268 1120 318 1149; x_wconf 86' lang='lat' dir='ltr'><strong>ea</strong></span> <span class='ocrx_word' id='word_1_92' title='bbox 345 1100 455 1147; x_wconf 80' lang='lat' dir='ltr'>nihil</span> <span class='ocrx_word' id='word_1_93' title='bbox 474 1118 498 1147; x_wconf 90' lang='lat' dir='ltr'><strong>a</strong></span> <span class='ocrx_word' id='word_1_94' title='bbox 523 1101 701 1147; x_wconf 87' lang='lat' dir='ltr'><strong>Catone</strong></span> <span class='ocrx_word' id='word_1_95' title='bbox 722 1100 912 1146; x_wconf 55' lang='lat' dir='ltr'><strong>dietum:</strong></span> <span class='ocrx_word' id='word_1_96' title='bbox 940 1116 1061 1146; x_wconf 90' lang='lat' dir='ltr'><strong>nunc</strong></span> <span class='ocrx_word' id='word_1_97' title='bbox 1083 1101 1176 1162; x_wconf 77' lang='lat' dir='ltr'><strong>ejus</strong></span> <span class='ocrx_word' id='word_1_98' title='bbox 1199 1115 1364 1164; x_wconf 72' lang='lat' dir='ltr'><strong>genera</strong></span> 
     </span>
     <span class='ocr_line' id='line_1_14' title="bbox 76 1164 1364 1242; baseline -0.002 -19"><span class='ocrx_word' id='word_1_99' title='bbox 76 1177 215 1242; x_wconf 83' lang='lat' dir='ltr'><strong>plura.</strong></span> <span class='ocrx_word' id='word_1_100' title='bbox 251 1175 542 1236; x_wconf 87' lang='lat' dir='ltr'><strong>Primumque</strong></span> <span class='ocrx_word' id='word_1_101' title='bbox 566 1172 880 1237; x_wconf 86' lang='lat' dir='ltr'><strong>persequemur</strong></span> <span class='ocrx_word' id='word_1_102' title='bbox 908 1190 986 1232; x_wconf 88' lang='lat' dir='ltr'><strong>ea,</strong></span> <span class='ocrx_word' id='word_1_103' title='bbox 1010 1191 1110 1237; x_wconf 84' lang='lat' dir='ltr'><strong>quae</strong></span> <span class='ocrx_word' id='word_1_104' title='bbox 1139 1164 1199 1221; x_wconf 61' lang='lat' dir='ltr'><strong>eir</strong></span> <span class='ocrx_word' id='word_1_105' title='bbox 1225 1176 1364 1221; x_wconf 63' lang='lat' dir='ltr'><strong>arb00</strong></span> 
     </span>
     <span class='ocr_line' id='line_1_15' title="bbox 77 1247 1363 1306; baseline 0 -11"><span class='ocrx_word' id='word_1_106' title='bbox 77 1249 201 1295; x_wconf 77' lang='lat' dir='ltr'><strong>ribus</strong></span> <span class='ocrx_word' id='word_1_107' title='bbox 232 1247 372 1306; x_wconf 84' lang='lat' dir='ltr'><strong>fiunt,</strong></span> <span class='ocrx_word' id='word_1_108' title='bbox 407 1251 456 1294; x_wconf 71' lang='grc' dir='ltr'><strong>δε</strong></span> <span class='ocrx_word' id='word_1_109' title='bbox 483 1247 600 1293; x_wconf 88' lang='lat' dir='ltr'><strong>inter</strong></span> <span class='ocrx_word' id='word_1_110' title='bbox 628 1247 724 1293; x_wconf 87' lang='lat' dir='ltr'><strong>illas</strong></span> <span class='ocrx_word' id='word_1_111' title='bbox 754 1260 855 1293; x_wconf 88' lang='lat' dir='ltr'><strong>ante</strong></span> <span class='ocrx_word' id='word_1_112' title='bbox 876 1263 1032 1292; x_wconf 82' lang='lat' dir='ltr'><strong>omnes</strong></span> <span class='ocrx_word' id='word_1_113' title='bbox 1066 1263 1121 1292; x_wconf 81' lang='lat' dir='ltr'><strong>ex</strong></span> <span class='ocrx_word' id='word_1_114' title='bbox 1152 1247 1363 1295; x_wconf 86' lang='lat' dir='ltr'><strong>oleastro.</strong></span> 
     </span>
     <span class='ocr_line' id='line_1_16' title="bbox 75 1319 1363 1381; baseline -0.001 -14"><span class='ocrx_word' id='word_1_115' title='bbox 75 1321 235 1368; x_wconf 88' lang='lat' dir='ltr'><strong>Tenue</strong></span> <span class='ocrx_word' id='word_1_116' title='bbox 266 1320 337 1376; x_wconf 83' lang='lat' dir='ltr'><strong>id,</strong></span> <span class='ocrx_word' id='word_1_117' title='bbox 375 1319 610 1381; x_wconf 84' lang='lat' dir='ltr'><strong>multoque</strong></span> <span class='ocrx_word' id='word_1_118' title='bbox 647 1319 840 1365; x_wconf 84' lang='lat' dir='ltr'><strong>amarius</strong></span> <span class='ocrx_word' id='word_1_119' title='bbox 859 1353 872 1375; x_wconf 82' lang='grc'><em>,</em></span> <span class='ocrx_word' id='word_1_120' title='bbox 906 1335 1041 1381; x_wconf 85' lang='lat' dir='ltr'><strong>quam</strong></span> <span class='ocrx_word' id='word_1_121' title='bbox 1073 1319 1219 1365; x_wconf 84' lang='lat' dir='ltr'><strong>oleae:</strong></span> <span class='ocrx_word' id='word_1_122' title='bbox 1260 1332 1363 1366; x_wconf 80' lang='lat' dir='ltr'><strong>tan-</strong></span> 
     </span>
     <span class='ocr_line' id='line_1_17' title="bbox 78 1391 1363 1440; baseline 0 0"><span class='ocrx_word' id='word_1_123' title='bbox 78 1406 174 1440; x_wconf 83' lang='lat' dir='ltr'><strong>tum</strong></span> <span class='ocrx_word' id='word_1_124' title='bbox 207 1393 262 1439; x_wconf 88' lang='lat' dir='ltr'><strong>ad</strong></span> <span class='ocrx_word' id='word_1_125' title='bbox 284 1393 659 1439; x_wconf 74' lang='lat' dir='ltr'><strong>medicamentum</strong></span> <span class='ocrx_word' id='word_1_126' title='bbox 694 1392 816 1437; x_wconf 88' lang='lat' dir='ltr'><strong>utile.</strong></span> <span class='ocrx_word' id='word_1_127' title='bbox 850 1391 1134 1438; x_wconf 78' lang='lat' dir='ltr'><strong>Simillimum</strong></span> <span class='ocrx_word' id='word_1_128' title='bbox 1163 1392 1270 1439; x_wconf 87' lang='lat' dir='ltr'><strong>huic</strong></span> <span class='ocrx_word' id='word_1_129' title='bbox 1303 1394 1363 1440; x_wconf 89' lang='lat' dir='ltr'><strong>est</strong></span> 
     </span>
     <span class='ocr_line' id='line_1_18' title="bbox 79 1465 1364 1529; baseline -0.001 -15"><span class='ocrx_word' id='word_1_130' title='bbox 79 1485 135 1514; x_wconf 83' lang='lat' dir='ltr'><strong>ex</strong></span> <span class='ocrx_word' id='word_1_131' title='bbox 157 1465 393 1513; x_wconf 74' lang='lat' dir='ltr'><strong>chamelaea</strong></span> <span class='ocrx_word' id='word_1_132' title='bbox 410 1502 421 1523; x_wconf 76' lang='lat'>‚</span> <span class='ocrx_word' id='word_1_133' title='bbox 444 1466 607 1512; x_wconf 68' lang='lat' dir='ltr'><strong>frutice</strong></span> <span class='ocrx_word' id='word_1_134' title='bbox 636 1465 796 1511; x_wconf 79' lang='lat' dir='ltr'><strong>saxoso</strong></span> <span class='ocrx_word' id='word_1_135' title='bbox 815 1502 828 1523; x_wconf 79' lang='lat'><strong>‚</strong></span> <span class='ocrx_word' id='word_1_136' title='bbox 858 1482 953 1511; x_wconf 90' lang='lat' dir='ltr'><strong>non</strong></span> <span class='ocrx_word' id='word_1_137' title='bbox 984 1466 1144 1512; x_wconf 76' lang='lat' dir='ltr'><strong>altiore</strong></span> <span class='ocrx_word' id='word_1_138' title='bbox 1175 1467 1329 1529; x_wconf 85' lang='lat' dir='ltr'><strong>palmo</strong></span> <span class='ocrx_word' id='word_1_139' title='bbox 1349 1503 1364 1524; x_wconf 85' lang='lat'>‚</span> 
     </span>
     <span class='ocr_line' id='line_1_19' title="bbox 79 1531 1366 1600; baseline -0.001 -15"><span class='ocrx_word' id='word_1_140' title='bbox 79 1537 200 1585; x_wconf 79' lang='lat' dir='ltr'><strong>foliis</strong></span> <span class='ocrx_word' id='word_1_141' title='bbox 219 1531 420 1595; x_wconf 77' lang='lat' dir='ltr'><strong>oleastri,</strong></span> <span class='ocrx_word' id='word_1_142' title='bbox 440 1536 688 1600; x_wconf 86' lang='lat' dir='ltr'><strong>baccisque.</strong></span> <span class='ocrx_word' id='word_1_143' title='bbox 710 1538 973 1583; x_wconf 78' lang='lat' dir='ltr'><strong>Proximum</strong></span> <span class='ocrx_word' id='word_1_144' title='bbox 989 1535 1040 1583; x_wconf 82' lang='lat' dir='ltr'><strong>fit</strong></span> <span class='ocrx_word' id='word_1_145' title='bbox 1057 1539 1107 1585; x_wconf 84' lang='lat'>&amp;</span> <span class='ocrx_word' id='word_1_146' title='bbox 1124 1555 1147 1584; x_wconf 92' lang='lat' dir='ltr'><strong>e</strong></span> <span class='ocrx_word' id='word_1_147' title='bbox 1170 1539 1278 1597; x_wconf 79' lang='lat' dir='ltr'><strong>cici,</strong></span> <span class='ocrx_word' id='word_1_148' title='bbox 1298 1556 1366 1585; x_wconf 87' lang='lat' dir='ltr'><strong>ar-</strong></span> 
     </span>
     <span class='ocr_line' id='line_1_20' title="bbox 79 1608 1361 1674; baseline -0.002 -15"><span class='ocrx_word' id='word_1_149' title='bbox 79 1612 192 1659; x_wconf 87' lang='lat' dir='ltr'><strong>bore</strong></span> <span class='ocrx_word' id='word_1_150' title='bbox 218 1611 266 1657; x_wconf 91' lang='lat' dir='ltr'><strong>in</strong></span> <span class='ocrx_word' id='word_1_151' title='bbox 287 1611 491 1674; x_wconf 82' lang='lat' dir='ltr'><strong>AEgypto</strong></span> <span class='ocrx_word' id='word_1_152' title='bbox 515 1609 700 1671; x_wconf 85' lang='lat' dir='ltr'><strong>copiosa</strong></span> <span class='ocrx_word' id='word_1_153' title='bbox 721 1627 731 1655; x_wconf 91' lang='lat'>:</span> <span class='ocrx_word' id='word_1_154' title='bbox 762 1608 837 1655; x_wconf 85' lang='lat' dir='ltr'><strong>alii</strong></span> <span class='ocrx_word' id='word_1_155' title='bbox 870 1621 1111 1655; x_wconf 86' lang='lat' dir='ltr'><strong>crotonem</strong></span> <span class='ocrx_word' id='word_1_156' title='bbox 1131 1646 1145 1668; x_wconf 79' lang='lat'>,</span> <span class='ocrx_word' id='word_1_157' title='bbox 1168 1610 1244 1657; x_wconf 88' lang='lat' dir='ltr'><strong>alii</strong></span> <span class='ocrx_word' id='word_1_158' title='bbox 1279 1611 1361 1656; x_wconf 90' lang='lat' dir='ltr'><strong>tri-</strong></span> 
     </span>
     <span class='ocr_line' id='line_1_21' title="bbox 80 1681 1362 1747; baseline -0.002 -15"><span class='ocrx_word' id='word_1_159' title='bbox 80 1686 188 1743; x_wconf 82' lang='lat' dir='ltr'><strong>xin,</strong></span> <span class='ocrx_word' id='word_1_160' title='bbox 220 1684 296 1731; x_wconf 89' lang='lat' dir='ltr'><strong>alii</strong></span> <span class='ocrx_word' id='word_1_161' title='bbox 327 1682 537 1730; x_wconf 85' lang='lat' dir='ltr'><strong>sesamum</strong></span> <span class='ocrx_word' id='word_1_162' title='bbox 559 1681 758 1729; x_wconf 82' lang='lat' dir='ltr'><strong>silvestre</strong></span> <span class='ocrx_word' id='word_1_163' title='bbox 792 1681 1050 1745; x_wconf 89' lang='lat' dir='ltr'><strong>appellant:</strong></span> <span class='ocrx_word' id='word_1_164' title='bbox 1087 1684 1238 1747; x_wconf 87' lang='lat' dir='ltr'><strong>ibique</strong></span> <span class='ocrx_word' id='word_1_165' title='bbox 1264 1701 1362 1730; x_wconf 90' lang='lat' dir='ltr'><strong>non</strong></span> 
     </span>
     <span class='ocr_line' id='line_1_22' title="bbox 81 1755 1362 1821; baseline -0.001 -18"><span class='ocrx_word' id='word_1_166' title='bbox 81 1757 268 1821; x_wconf 84' lang='lat' dir='ltr'><strong>pridem.</strong></span> <span class='ocrx_word' id='word_1_167' title='bbox 301 1759 356 1802; x_wconf 87' lang='lat' dir='ltr'><strong>Et</strong></span> <span class='ocrx_word' id='word_1_168' title='bbox 386 1756 433 1801; x_wconf 89' lang='lat' dir='ltr'><strong>in</strong></span> <span class='ocrx_word' id='word_1_169' title='bbox 461 1755 675 1817; x_wconf 82' lang='lat' dir='ltr'><strong>Hispania</strong></span> <span class='ocrx_word' id='word_1_170' title='bbox 702 1767 885 1818; x_wconf 87' lang='lat' dir='ltr'><strong>repente</strong></span> <span class='ocrx_word' id='word_1_171' title='bbox 921 1756 1140 1818; x_wconf 83' lang='lat' dir='ltr'><strong>provenit</strong></span> <span class='ocrx_word' id='word_1_172' title='bbox 1162 1756 1362 1803; x_wconf 80' lang='lat' dir='ltr'><strong>altitudi-</strong></span> 
     </span>
     <span class='ocr_line' id='line_1_23' title="bbox 81 1828 1363 1888; baseline 0.001 -13"><span class='ocrx_word' id='word_1_173' title='bbox 81 1847 138 1876; x_wconf 90' lang='lat' dir='ltr'><strong>ne</strong></span> <span class='ocrx_word' id='word_1_174' title='bbox 172 1829 285 1877; x_wconf 85' lang='lat' dir='ltr'><strong>oleae</strong></span> <span class='ocrx_word' id='word_1_175' title='bbox 305 1865 318 1888; x_wconf 83' lang='lat'><strong><em>‚</em></strong></span> <span class='ocrx_word' id='word_1_176' title='bbox 356 1829 481 1875; x_wconf 87' lang='lat' dir='ltr'><strong>caule</strong></span> <span class='ocrx_word' id='word_1_177' title='bbox 516 1828 776 1887; x_wconf 82' lang='lat' dir='ltr'><strong>ferulaceo,</strong></span> <span class='ocrx_word' id='word_1_178' title='bbox 811 1828 927 1874; x_wconf 87' lang='lat' dir='ltr'><strong>folio</strong></span> <span class='ocrx_word' id='word_1_179' title='bbox 963 1828 1157 1887; x_wconf 80' lang='lat' dir='ltr'><strong>Vitium,</strong></span> <span class='ocrx_word' id='word_1_180' title='bbox 1195 1829 1363 1877; x_wconf 87' lang='lat' dir='ltr'><strong>semine</strong></span> 
     </span>
     <span class='ocr_line' id='line_1_24' title="bbox 82 1901 1365 1966; baseline -0.001 -17"><span class='ocrx_word' id='word_1_181' title='bbox 82 1919 271 1949; x_wconf 84' lang='lat' dir='ltr'><strong>uvarum</strong></span> <span class='ocrx_word' id='word_1_182' title='bbox 305 1901 538 1966; x_wconf 85' lang='lat' dir='ltr'><strong>gracilium</strong></span> <span class='ocrx_word' id='word_1_183' title='bbox 558 1901 927 1964; x_wconf 84' lang='lat' dir='ltr'><strong>pallidarumque.</strong></span> <span class='ocrx_word' id='word_1_184' title='bbox 965 1901 1121 1947; x_wconf 86' lang='lat' dir='ltr'><strong>Nostri</strong></span> <span class='ocrx_word' id='word_1_185' title='bbox 1142 1919 1239 1948; x_wconf 88' lang='lat' dir='ltr'><strong>eam</strong></span> <span class='ocrx_word' id='word_1_186' title='bbox 1258 1902 1365 1949; x_wconf 82' lang='lat' dir='ltr'><strong>rici-</strong></span> 
     </span>
     <span class='ocr_line' id='line_1_25' title="bbox 85 1974 1363 2038; baseline 0.001 -17"><span class='ocrx_word' id='word_1_187' title='bbox 85 1993 191 2022; x_wconf 89' lang='lat' dir='ltr'><strong>num</strong></span> <span class='ocrx_word' id='word_1_188' title='bbox 218 1986 392 2022; x_wconf 85' lang='lat' dir='ltr'><strong>vocant</strong></span> <span class='ocrx_word' id='word_1_189' title='bbox 421 1993 445 2021; x_wconf 89' lang='lat' dir='ltr'><strong>a</strong></span> <span class='ocrx_word' id='word_1_190' title='bbox 475 1974 760 2022; x_wconf 80' lang='lat' dir='ltr'><strong>similitudine</strong></span> <span class='ocrx_word' id='word_1_191' title='bbox 780 1974 970 2021; x_wconf 85' lang='lat' dir='ltr'><strong>seminis.</strong></span> <span class='ocrx_word' id='word_1_192' title='bbox 993 1975 1222 2038; x_wconf 87' lang='lat' dir='ltr'><strong>Coquitur</strong></span> <span class='ocrx_word' id='word_1_193' title='bbox 1250 1976 1297 2022; x_wconf 90' lang='lat' dir='ltr'><strong>id</strong></span> <span class='ocrx_word' id='word_1_194' title='bbox 1316 1976 1363 2022; x_wconf 88' lang='lat' dir='ltr'><strong>in</strong></span> 
     </span>
     <span class='ocr_line' id='line_1_26' title="bbox 83 2047 1362 2112; baseline 0.001 -18"><span class='ocrx_word' id='word_1_195' title='bbox 83 2065 228 2111; x_wconf 82' lang='lat' dir='ltr'><strong>aqua,</strong></span> <span class='ocrx_word' id='word_1_196' title='bbox 250 2047 542 2111; x_wconf 87' lang='lat' dir='ltr'><strong>innatansque</strong></span> <span class='ocrx_word' id='word_1_197' title='bbox 574 2048 729 2094; x_wconf 89' lang='lat' dir='ltr'><strong>oleum</strong></span> <span class='ocrx_word' id='word_1_198' title='bbox 753 2048 940 2094; x_wconf 89' lang='lat' dir='ltr'><strong>tollitur.</strong></span> <span class='ocrx_word' id='word_1_199' title='bbox 970 2049 1029 2093; x_wconf 92' lang='lat' dir='ltr'><strong>At</strong></span> <span class='ocrx_word' id='word_1_200' title='bbox 1063 2047 1110 2092; x_wconf 89' lang='lat' dir='ltr'><strong>in</strong></span> <span class='ocrx_word' id='word_1_201' title='bbox 1127 2049 1362 2112; x_wconf 86' lang='lat' dir='ltr'><strong>AEgypto‚</strong></span> 
     </span>
     <span class='ocr_line' id='line_1_27' title="bbox 82 2120 1363 2193; baseline 0.002 -27"><span class='ocrx_word' id='word_1_202' title='bbox 82 2121 160 2167; x_wconf 87' lang='lat' dir='ltr'><strong>ubi</strong></span> <span class='ocrx_word' id='word_1_203' title='bbox 178 2120 396 2178; x_wconf 88' lang='lat' dir='ltr'><strong>abundat,</strong></span> <span class='ocrx_word' id='word_1_204' title='bbox 426 2120 555 2167; x_wconf 87' lang='lat' dir='ltr'><strong>fine</strong></span> <span class='ocrx_word' id='word_1_205' title='bbox 546 2137 647 2184; x_wconf 78' lang='lat' dir='ltr'><strong>igne</strong></span> <span class='ocrx_word' id='word_1_206' title='bbox 678 2122 728 2167; x_wconf 88' lang='lat'>&amp;</span> <span class='ocrx_word' id='word_1_207' title='bbox 756 2138 871 2193; x_wconf 86' lang='lat' dir='ltr'><strong>aqua</strong></span> <span class='ocrx_word' id='word_1_208' title='bbox 902 2120 991 2167; x_wconf 87' lang='lat' dir='ltr'><strong>sale</strong></span> <span class='ocrx_word' id='word_1_209' title='bbox 1027 2120 1248 2189; x_wconf 85' lang='lat' dir='ltr'><strong>aspersum</strong></span> <span class='ocrx_word' id='word_1_210' title='bbox 1281 2138 1363 2168; x_wconf 81' lang='lat' dir='ltr'><strong>ex-</strong></span> 
     </span>
     <span class='ocr_line' id='line_1_28' title="bbox 82 2158 1363 2276; baseline 0 -36"><span class='ocrx_word' id='word_1_211' title='bbox 82 2194 319 2257; x_wconf 86' lang='lat' dir='ltr'><strong>primitur,</strong></span> <span class='ocrx_word' id='word_1_212' title='bbox 354 2158 464 2241; x_wconf 86' lang='lat' dir='ltr'><strong>cibis</strong></span> <span class='ocrx_word' id='word_1_213' title='bbox 503 2192 706 2252; x_wconf 80' lang='lat' dir='ltr'><strong>foedum,</strong></span> <span class='ocrx_word' id='word_1_214' title='bbox 741 2181 934 2241; x_wconf 72' lang='lat' dir='ltr'><strong>lucernis</strong></span> <span class='ocrx_word' id='word_1_215' title='bbox 974 2193 1096 2240; x_wconf 89' lang='lat' dir='ltr'><strong>utile.</strong></span> <span class='ocrx_word' id='word_1_216' title='bbox 1129 2195 1363 2276; x_wconf 83' lang='lat' dir='ltr'><strong>Amygda—</strong></span> 
     </span>
     <span class='ocr_line' id='line_1_29' title="bbox 81 2267 1361 2331; baseline 0.001 -18"><span class='ocrx_word' id='word_1_217' title='bbox 81 2268 225 2313; x_wconf 87' lang='lat' dir='ltr'><strong>linum</strong></span> <span class='ocrx_word' id='word_1_218' title='bbox 240 2268 398 2331; x_wconf 85' lang='lat' dir='ltr'><strong>‚quod</strong></span> <span class='ocrx_word' id='word_1_219' title='bbox 430 2267 566 2331; x_wconf 86' lang='lat' dir='ltr'><strong>aliqui</strong></span> <span class='ocrx_word' id='word_1_220' title='bbox 598 2268 847 2331; x_wconf 88' lang='lat' dir='ltr'><strong>metopium</strong></span> <span class='ocrx_word' id='word_1_221' title='bbox 877 2280 1083 2327; x_wconf 83' lang='lat' dir='ltr'><strong>vocant,</strong></span> <span class='ocrx_word' id='word_1_222' title='bbox 1114 2285 1171 2314; x_wconf 80' lang='lat' dir='ltr'><strong>ex</strong></span> <span class='ocrx_word' id='word_1_223' title='bbox 1202 2270 1361 2315; x_wconf 82' lang='lat' dir='ltr'><strong>amaris</strong></span> 
     </span>
     <span class='ocr_line' id='line_1_30' title="bbox 83 2302 1361 2403; baseline 0.002 -17"><span class='ocrx_word' id='word_1_224' title='bbox 83 2303 272 2387; x_wconf 77' lang='lat' dir='ltr'><strong>nucibiis</strong></span> <span class='ocrx_word' id='word_1_225' title='bbox 311 2339 538 2398; x_wconf 58' lang='lat' dir='ltr'><strong>mespilis,</strong></span> <span class='ocrx_word' id='word_1_226' title='bbox 577 2342 628 2388; x_wconf 71' lang='grc' dir='ltr'><strong>δε</strong></span> <span class='ocrx_word' id='word_1_227' title='bbox 659 2341 706 2387; x_wconf 91' lang='lat' dir='ltr'><strong>in</strong></span> <span class='ocrx_word' id='word_1_228' title='bbox 745 2341 878 2388; x_wconf 84' lang='lat' dir='ltr'><strong>offam</strong></span> <span class='ocrx_word' id='word_1_229' title='bbox 913 2302 1142 2400; x_wconf 81' lang='lat' dir='ltr'><strong>contusis,</strong></span> <span class='ocrx_word' id='word_1_230' title='bbox 1182 2341 1361 2403; x_wconf 77' lang='lat' dir='ltr'><strong>aspersis</strong></span> 
     </span>
     <span class='ocr_line' id='line_1_31' title="bbox 81 2413 1360 2478; baseline -0.001 -18"><span class='ocrx_word' id='word_1_231' title='bbox 81 2431 193 2478; x_wconf 87' lang='lat' dir='ltr'><strong>aqua</strong></span> <span class='ocrx_word' id='word_1_232' title='bbox 219 2414 467 2476; x_wconf 84' lang='lat' dir='ltr'><strong>iterumque</strong></span> <span class='ocrx_word' id='word_1_233' title='bbox 495 2413 628 2471; x_wconf 71' lang='lat' dir='ltr'><strong>tusis,</strong></span> <span class='ocrx_word' id='word_1_234' title='bbox 656 2414 938 2477; x_wconf 80' lang='lat' dir='ltr'><strong>exprimitur.</strong></span> <span class='ocrx_word' id='word_1_235' title='bbox 974 2414 1041 2460; x_wconf 90' lang='lat' dir='ltr'><strong>Fit</strong></span> <span class='ocrx_word' id='word_1_236' title='bbox 1067 2415 1117 2460; x_wconf 67' lang='grc' dir='ltr'><strong>ὃ(</strong></span> <span class='ocrx_word' id='word_1_237' title='bbox 1145 2430 1168 2459; x_wconf 91' lang='lat' dir='ltr'><strong>e</strong></span> <span class='ocrx_word' id='word_1_238' title='bbox 1201 2414 1360 2472; x_wconf 86' lang='lat' dir='ltr'><strong>lauro,</strong></span> 
     </span>
    </p>
   </div>
   <div class='ocr_carea' id='block_1_3' title="bbox 82 2484 1362 2610">
    <p class='ocr_par' dir='ltr' id='par_1_4' title="bbox 82 2484 1362 2610">
     <span class='ocr_line' id='line_1_32' title="bbox 82 2484 1362 2552; baseline -0.002 -17"><span class='ocrx_word' id='word_1_239' title='bbox 82 2487 283 2536; x_wconf 84' lang='lat' dir='ltr'><strong>admixto</strong></span> <span class='ocrx_word' id='word_1_240' title='bbox 310 2488 550 2550; x_wconf 89' lang='lat' dir='ltr'><strong>druparum</strong></span> <span class='ocrx_word' id='word_1_241' title='bbox 585 2487 707 2536; x_wconf 86' lang='lat' dir='ltr'><strong>oleo.</strong></span> <span class='ocrx_word' id='word_1_242' title='bbox 743 2489 1031 2552; x_wconf 82' lang='lat' dir='ltr'><strong>Quidamque</strong></span> <span class='ocrx_word' id='word_1_243' title='bbox 1066 2504 1088 2532; x_wconf 86' lang='lat' dir='ltr'><strong>e</strong></span> <span class='ocrx_word' id='word_1_244' title='bbox 1114 2484 1261 2535; x_wconf 80' lang='lat' dir='ltr'><strong>baccis</strong></span> <span class='ocrx_word' id='word_1_245' title='bbox 1279 2505 1362 2535; x_wconf 86' lang='lat' dir='ltr'><strong>ex-</strong></span> 
     </span>
     <span class='ocr_line' id='line_1_33' title="bbox 151 2561 1104 2610; baseline -0.002 -2"><span class='ocrx_word' id='word_1_246' title='bbox 151 2563 196 2609; x_wconf 82' lang='lat' dir='ltr'><strong>C.</strong></span> <span class='ocrx_word' id='word_1_247' title='bbox 227 2564 344 2609; x_wconf 83' lang='lat' dir='ltr'><strong>Plin.</strong></span> <span class='ocrx_word' id='word_1_248' title='bbox 375 2566 475 2610; x_wconf 85' lang='lat' dir='ltr'><strong>Vol.</strong></span> <span class='ocrx_word' id='word_1_249' title='bbox 508 2563 593 2609; x_wconf 87' lang='lat' dir='ltr'><em>III.</em></span> <span class='ocrx_word' id='word_1_250' title='bbox 802 2564 827 2587; x_wconf 54' lang='grc'><em>*</em></span> <span class='ocrx_word' id='word_1_251' title='bbox 1056 2561 1104 2607; x_wconf 90' lang='lat' dir='ltr'><strong>D</strong></span> 
     </span>
    </p>
   </div>
  </div>
 </body>
</html>
