1653 2797
268 118 1271 170 NATUR.H15TOR.L113.X1V.
1360 130 1426 180 37

138 238 262 276 tanta
284 220 544 287 dulcedine,
560 238 611 274 ut
626 243 785 290 magna
804 243 904 289 pars
922 243 1017 274 non
1037 225 1157 273 aliud
1176 226 1283 274 vitae
1306 243 1423 289 prae-

139 304 280 351 mium
309 303 539 367 intelligat.
574 302 703 363 Quin
719 302 861 347 immo
880 312 931 347 ut
949 302 1050 364 plus
1073 301 1314 364 capiamus,
1332 300 1421 348 sac-

140 393 199 424 co
218 376 462 440 frangimus
487 375 638 423 vires:
674 376 724 423 &
750 374 837 421 alia
863 374 1138 421 irritamenta
1160 375 1433 439 excogitan·-

139 461 244 496 tur:
275 466 326 496 ac
345 449 531 496 bibendi
566 449 700 495 etiam
734 447 865 495 causa
896 464 1071 495 venena
1095 447 1433 505 conficiuntur,

140 523 239 571 aliis
269 523 464 570 cicutam
483 522 883 586 praesumentibus,
914 534 966 568 ut
999 522 1153 568 bibere
1186 539 1309 569 mors
1340 538 1434 569 co-

138 608 215 662 gat
233 615 247 654 ;
278 597 376 644 aliis
403 597 592 661 pumicis
613 597 821 654 farinam,
842 597 892 643 &
910 613 1014 659 quae
1029 594 1266 642 referendo
1286 596 1427 658 pudet

138 670 324 717 docere.
369 670 659 733 Cautiflimos
694 686 751 716 ex
782 669 851 716 his
893 668 1078 714 balineis
1120 667 1257 730 coqui
1291 667 1432 713 vide--

137 760 237 791 mus
256 779 270 802 ‚
298 742 611 807 exanimesque
651 742 813 790 efferri.
848 743 944 790 Jam
977 757 1094 788 vero
1120 740 1232 787 alios
1261 740 1427 786 lectum

137 817 389 881 exspectare
428 834 525 864 non
557 817 705 881 poffe,
740 818 881 864 immo
912 833 1029 865 vero
1072 833 1155 863 nec
1190 814 1387 861 tunicam
1407 849 1423 872 ‚

140 892 288 938 nudos
317 891 380 937 ibi
400 891 610 954 protinus
627 891 814 937 anhelos
833 889 1031 953 ingentia
1051 888 1154 935 vasa
1171 887 1429 950 corripere,

139 963 269 1010 velut
289 964 344 1010 ad
369 962 722 1009 ostentationem
738 962 939 1018 virium,
966 979 1016 1008 ac
1050 961 1183 1023 plene
1209 959 1425 1005 infunde-

136 1053 215 1095 re,
248 1048 301 1083 ut
334 1035 480 1082 statim
507 1047 730 1093 vomant,
766 1034 996 1098 rursusque
1024 1033 1257 1091 hauriant,
1287 1032 1422 1095 idque

139 1107 305 1156 iterum
327 1107 627 1171 tertiumque:
647 1119 856 1170 tanquam
889 1107 943 1152 ad
967 1105 1192 1169 perdenda
1220 1105 1327 1151 vina
1352 1120 1424 1167 ge·-

140 1181 252 1240 niti,
285 1182 336 1229 &
369 1193 580 1243 tanquam
612 1180 778 1226 effiindi
802 1180 877 1226 illa
907 1196 1003 1225 non
1024 1179 1213 1241 poffint,
1246 1178 1326 1223 nisi
1344 1193 1426 1239 per

139 1253 389 1301 humanum
406 1269 584 1315 corpus,
599 1253 668 1297 Ad
684 1252 774 1296 hoc
789 1251 1012 1312 pertinent
1031 1248 1279 1311 peregrinae
1296 1265 1423 1294 exer-

142 1326 404 1383 citationes,
428 1326 478 1387 &
494 1324 724 1371 volutatio
743 1323 790 1368 in
814 1339 952 1369 coeno
972 1359 984 1380 ,
1007 1339 1056 1368 ac
1074 1319 1305 1384 pectorosa
1326 1337 1424 1367 cer-

139 1399 261 1447 vicis.
287 1398 496 1462 repandae
528 1396 781 1444 ostentatio.
800 1398 884 1443 Per
911 1396 1065 1442 omnia
1083 1395 1180 1441 haec
1204 1393 1429 1456 praetlica·

137 1483 212 1519 tur
234 1471 326 1519 sitis
343 1471 498 1535 quaeri.
516 1471 608 1518 Jam
624 1487 739 1517 vero
757 1483 856 1533 quae
878 1468 979 1516 vasa
997 1466 1221 1514 adulteriis
1245 1465 1432 1513 caelata?

137 1557 352 1609 tanquam
370 1562 449 1608 per
471 1543 512 1590 se
533 1561 688 1607 parum
720 1544 881 1591 doceat
910 1542 1117 1589 libidines
1149 1539 1435 1587 temulentia...

135 1620 205 1664 -Ita
227 1616 337 1664 vina
358 1633 414 1663 ex
435 1615 621 1662 libidine
643 1616 940 1672 hauriuntur,
981 1625 1113 1677 atque
1147 1612 1280 1658 etiam
1310 1628 1428 1674 prae-

139 1690 236 1737 mio
268 1689 493 1737 invitatui·
527 1688 739 1746 ebrietas,
771 1690 844 1746 &‚
874 1687 907 1733 fi
942 1686 1024 1733 diis
1054 1685 1226 1749 placet,
1249 1684 1432 1735 emitur,

136 1763 266 1812 Alius
286 1799 302 1821 ,
334 1778 386 1810 ut
415 1775 633 1827 quantum
663 1762 828 1808 biberit
858 1773 1030 1808 tantum
1065 1761 1192 1818 edat,
1228 1760 1426 1821 pretium

139 1837 408 1884 vinolentiae
438 1837 533 1900 lege
558 1838 733 1900 accipit.
779 1836 903 1883 Alius
938 1846 1156 1898 quantum
1185 1834 1276 1881 alea
1304 1852 1428 1898 quae-

139 1909 285 1967 fierit,
316 1921 493 1956 tantum
528 1909 655 1956 bibit.
689 1910 821 1956 Tunc
856 1909 981 1956 avidi
1017 1922 1274 1956 matronam
1309 1926 1427 1956 ocu-0

143 1984 175 2031 li
208 1984 401 2032 licentur
418 2021 431 2041 ‚
463 2001 621 2048 graves
639 1985 843 2047 produnt
866 1985 1029 2031 marito
1046 2003 1059 2031 ;
1075 1999 1184 2032 tunc
1205 1984 1344 2031 animi
1364 1983 1429 2030 se·

145 2071 266 2106 creta
297 2059 602 2122 proferuntur.
630 2059 720 2105 Alii
750 2059 1008 2106 testamenta
1037 2059 1109 2106 sua
1134 2073 1425 2121 nuncupant:

146 2132 220 2179 alii
241 2133 473 2180 mortifera
494 2134 767 2196 loquuntur,
789 2133 1091 2197 rediturasque
1114 2150 1197 2196 per
1217 2131 1427 2196 jugulum

143 2221 287 2251 voces
316 2222 410 2251 non
445 2206 684 2252 continent
703 2242 718 2263 ‚
746 2223 878 2269 quam
909 2206 1060 2253 multis
1081 2206 1142 2252 ita
1163 2205 1426 2251 interemti&

145 2278 389 2342 Vulgoque
406 2280 571 2326 veritas
588 2279 675 2341 jam
704 2279 916 2326 attributa
945 2281 1060 2326 vino
1090 2279 1162 2326 est.
1187 2281 1357 2324 Interea
1376 2287 1429 2323 ut

145 2351 317 2413 optime
343 2351 495 2409 cedat,
519 2352 670 2399 Solem
691 2354 914 2399 orientem
933 2369 1030 2398 non
1050 2352 1210 2399 vident
1227 2387 1239 2408 ‚
1272 2367 1324 2396 ac
1344 2349 1435 2396 mi-

146 2438 236 2471 nus
259 2422 337 2470 diu
362 2421 547 2472 vivunt.
582 2425 702 2474 Hinc
728 2425 877 2490 pallor
894 2461 909 2484 ‚
942 2427 993 2474 &
1029 2440 1154 2489 genae
1189 2422 1396 2487 pendulae
1411 2457 1431 2482 ,

1080 2498 1120 2543 C
1153 2511 1174 2559 3
