1653 2797
187 162 276 214 262
430 159 485 206 C.
536 156 797 202 PLINII
846 154 1227 205 SECUNDI

181 268 290 316 ceri.
330 262 676 313 Maturescentia
703 262 925 309 frumenta
951 262 1092 308 imbre
1123 262 1344 313 laeduntur
1362 300 1376 324 ‚
1407 268 1458 315 ὅ(

186 341 405 388 hordeum
446 337 597 401 magis,
645 335 851 383 Nascitur
881 337 930 382 δέ
963 335 1098 381 herba
1132 335 1261 394 alba,
1292 337 1456 398 panico

185 414 335 460 similis
350 449 363 470 ,
403 427 629 473 occupans
650 427 758 456 arva
778 446 791 468 ,
821 409 977 472 pecori
1000 426 1184 472 quoque
1211 409 1456 457 mortifera.

185 483 305 532 Nam
335 481 516 540 lolium,
547 483 596 530 &
625 479 816 527 tribulos
834 516 848 538 ‚
878 480 928 527 &
960 481 1146 527 carduos
1165 517 1178 539 ,
1197 479 1460 544 lappasque,

170 570 296 603 non·
313 553 449 616 magis
476 569 609 615 quam
637 551 800 607 rub05‚
821 550 937 595 inter
965 550 1147 614 frugum
1165 553 1351 599 morbos
1370 570 1460 615 po*

185 625 274 670 rius
292 659 306 682 ‚
344 642 479 688 quam
501 623 616 670 inter
645 622 775 685 ipsius
797 634 927 667 terrae
954 622 1093 684 pestes
1113 626 1461 673 numeraverim.

186 697 371 745 Caeleste
391 697 567 761 frugum
596 696 916 757 vinearumque
940 694 1103 740 malum
1120 730 1134 753 ,
1160 696 1288 743 nullo
1313 701 1460 745 minus

186 771 377 817 noxium
400 770 461 816 est
492 769 664 831 rubigo.
697 766 1058 829 Frequentiffima
1079 767 1174 813 haec
1205 767 1252 813 in
1278 769 1459 816 roscido

187 846 326 890 trastu
345 880 358 903 ‚
389 839 758 902 convallibusque
779 875 791 898 9
827 857 879 887 ac
905 839 1141 902 perflatum
1171 856 1267 886 non
1295 841 1461 889 haben-

189 917 320 963 tibus.
359 919 394 961 E
425 914 602 961 diverso
632 925 779 960 carent
807 931 855 959 ea
885 913 1071 960 ventosa
1095 916 1144 961 &
1173 914 1354 962 excelsa.
1385 919 1460 962 In·-

186 999 254 1034 ter
282 987 393 1038 vitia
424 986 616 1049 segetum
644 987 693 1033 &
720 985 892 1032 luxuria
917 985 1003 1043 est,
1031 1004 1135 1032 cum
1155 998 1352 1034 oneratae
1373 987 1458 1034 fer-

187 1060 345 1106 tilitate
373 1059 692 1121 procumbunt.
717 1060 970 1108 Commune
999 1070 1146 1105 autem
1167 1061 1372 1108 omnium
1400 1061 1461 1108 sa-

186 1144 338 1178 torum
374 1131 540 1183 vitium
572 1133 697 1178 urica
715 1167 729 1190 2
765 1132 896 1178 etiam
918 1130 1102 1189 ciceris,
1127 1148 1231 1178 cum
1256 1132 1461 1197 salsilagi—

187 1222 291 1251 nem
322 1203 414 1265 ejus
449 1204 671 1255 abluendo
698 1203 839 1249 imber
869 1202 1040 1248 dulcius
1069 1202 1113 1248 id
1138 1202 1257 1252 facit.

255 1294 294 1338 3.
322 1276 396 1324 Est
428 1276 593 1333 herba,
623 1294 721 1340 quae
749 1275 888 1322 circer
907 1288 1063 1322 enecat
1095 1277 1144 1323 &
1163 1294 1351 1337 ervum,
1372 1277 1461 1325 cir-

187 1350 476 1413 cumligando
507 1348 580 1401 se:
610 1360 804 1396 vocatur
836 1348 1111 1396 orobanche.
1157 1349 1379 1398 Triticum
1407 1351 1463 1399 fi-

184 1422 282 1467 mili
316 1422 454 1467 modo
484 1439 583 1469 aera.
634 1421 866 1467 Hordeum
901 1419 1067 1467 festuca
1089 1457 1104 1480 ,
1138 1440 1240 1486 quae
1269 1435 1461 1470 vocatur

186 1495 384 1557 aegilops.
434 1496 619 1540 Lentem
647 1493 783 1539 herba
822 1492 1071 1540 securiclaca
1090 1529 1105 1552 ‚
1137 1511 1269 1556 quam
1309 1496 1460 1544 Graeci

183 1585 208 1613 a
245 1566 527 1615 similitudine
564 1565 805 1627 pelecinon
843 1578 1029 1612 vocant.
1081 1569 1137 1612 Et
1174 1565 1242 1613 hae
1279 1567 1459 1630 quidem

185 1641 428 1703 complexu
457 1651 630 1686 necant.
658 1639 789 1685 Circa
812 1638 1045 1700 Philippos
1078 1652 1343 1686 ateramnon
1372 1658 1458 1686 no-

184 1714 356 1758 minant
385 1713 431 1756 in
462 1711 619 1775 pingui
639 1710 737 1756 solo
765 1709 971 1767 herbam,
1005 1726 1090 1772 qua
1119 1709 1220 1756 faba
1247 1723 1453 1759 necatur:

114 1814 118 1821 ·
181 1797 418 1832 teramnon
435 1819 447 1840 ‚
483 1800 570 1846 qua
590 1782 636 1827 in
661 1798 814 1828 macro
832 1817 845 1839 ,
866 1799 968 1828 ,cum
989 1781 1118 1827 udam
1146 1781 1325 1844 quidam
1345 1801 1456 1830 ven-

181 1870 252 1903 tus
281 1856 462 1904 afflavit.
501 1857 616 1902 AErae
646 1872 831 1918 granum
851 1853 1084 1899 minimum
1116 1853 1176 1901 est
1205 1854 1252 1899 in
1289 1856 1458 1903 cortice

182 1930 400 1977 aculeato,
427 1931 543 1975 Cum
565 1928 624 1974 est
644 1929 690 1974 in
716 1945 855 1991 pane,
875 1928 1101 1974 celerrime
1126 1928 1369 1992 vertigines
1394 1929 1457 1976 fa-

181 2005 268 2050 cit:
298 2002 510 2066 ajuntque
543 2003 590 2048 in
626 2001 724 2048 Afia
751 2004 799 2049 &
819 2001 996 2048 Graecia
1023 2001 1322 2060 balneatore3‚
1352 2020 1456 2049 cum

178 2077 323 2123 velint
357 2076 533 2122 turbam
559 2075 752 2137 pellere,
792 2075 1060 2121 carbonibus
1092 2075 1137 2120 id
1167 2074 1313 2123 semen
1348 2076 1453 2139 inji—

177 2165 291 2195 cere.
322 2146 530 2193 Nascitur
550 2149 599 2196 &
618 2147 886 2209 phalangion
908 2147 955 2191 in
983 2163 1097 2193 ervo
1112 2182 1125 2204 ‚
1145 2146 1329 2194 bestiola
1355 2166 1451 2195 ara-

174 2220 248 2270 nei
277 2219 448 2283 generis
467 2255 480 2276 ,
511 2218 542 2264 fi
574 2218 715 2264 hiems
744 2218 910 2281 aquosa
931 2220 995 2265 fit.
1029 2219 1228 2266 Limaces
1260 2221 1450 2268 nascun—

176 2293 318 2340 turin
350 2291 491 2339 vicia:
525 2293 575 2342 ὅ(
595 2291 836 2353 aliquando
869 2308 892 2337 e
922 2303 1036 2337 terra
1071 2292 1269 2338 cochleae
1300 2294 1448 2339 minu-

177 2379 260 2425 τῖε,
296 2365 458 2415 mirum
492 2363 538 2409 'rn
573 2363 759 2409 modum
794 2363 1027 2410 erodentes
1062 2381 1171 2412 eam.
1211 2368 1267 2412 Et
1301 2366 1449 2414 morbi

175 2439 353 2500 quidem
381 2437 472 2482 fere
490 2436 536 2481 hi
565 2435 676 2482 sunt.
