1653 2797
299 133 585 182 NATUR.
622 131 930 180 HISTOR.
965 133 1090 180 LIB.
1122 132 1275 181 XIX.
1358 134 1448 196 363

167 240 224 288 lis
243 241 437 305 thapsia,
461 242 515 288 de
533 258 620 304 qua
650 239 841 286 diximus
868 241 983 287 inter
1011 253 1224 289 externos
1250 241 1451 288 frutices.

170 314 355 362 Deinde
372 314 597 361 utilissima
624 312 809 358 funibus
838 315 1050 361 cannabis
1077 315 1233 362 seritur
1251 334 1276 363 a
1301 319 1450 363 Favo-

169 388 268 436 nio.
297 390 408 448 Quo
429 385 606 432 densior
631 385 717 443 est,
752 401 807 432 eo
828 387 1025 434 tenuior.
1051 390 1210 435 Semen
1231 389 1328 451 ejus
1348 407 1451 437 cum

168 460 233 507 est
248 472 500 517 maturum,
532 459 586 505 ab
617 458 891 522 :equinoctio
916 462 1119 506 autumni
1150 462 1453 526 distringitur,

168 535 221 581 &
243 533 346 580 Sole
364 567 378 590 ,
407 544 484 578 aut
510 545 681 590 vento,
717 544 792 578 aut
825 530 952 577 fumo
991 531 1190 580 siccatur.
1222 535 1316 596 Ipsa
1342 552 1452 582 can-

165 605 295 653 nabis
318 606 503 652 vellitur
528 604 629 669 post
661 605 965 663 vindemiam,
994 623 1044 652 ac
1064 605 1453 655 lucubrationibus

165 679 440 726 decorticata
480 693 710 742 purgatur.
752 679 939 741 Optima
967 679 1269 738 Alabandica,
1302 682 1454 744 plaga-

163 768 270 799 rum
290 753 514 816 praecipue
534 752 696 806 usibus.
732 752 840 798 Tria
865 751 959 813 ejus
990 752 1054 798 ibi
1076 770 1251 816 genera.
1278 756 1452 816 Impro-

166 825 300 873 batur
331 827 491 873 cortici
526 826 784 889 proximum
801 861 814 884 ,
842 839 917 873 aut
944 826 1178 873 medullae:
1213 828 1452 875 laudatiffi-

165 916 241 946 ma
281 899 344 946 est
378 916 402 946 e
438 898 625 956 medio,
669 916 771 962 quae
815 898 930 945 mesa
974 911 1168 946 vocatur
1204 919 1214 947 :
1261 901 1453 948 secunda

165 970 382 1035 Mylasea.
420 972 563 1031 Quod
592 971 647 1016 ad
688 971 1004 1034 proceritatem
1049 971 1228 1034 quidem
1264 974 1454 1032 attinet,

163 1044 312 1091 Rosea
340 1045 432 1108 agri
458 1044 611 1091 Sabini
641 1045 859 1091 arborum
880 1045 1159 1092 altitudinem
1181 1058 1338 1110 aequat.
1368 1052 1450 1094 Fe—

164 1117 278 1164 rulae
304 1118 395 1166 duo
430 1135 591 1181 genera
624 1118 671 1164 in
705 1118 950 1182 peregrinis
977 1118 1213 1181 fruticibus
1241 1120 1452 1170 diximus.

165 1193 328 1238 Semen
357 1191 451 1254 ejus
484 1193 532 1238 in
565 1192 690 1239 Italia
719 1193 843 1239 cibus
876 1192 952 1240 est.
990 1193 1218 1240 Conditus
1249 1195 1415 1258 quippe
1435 1232 1451 1253 ‚

163 1266 384 1330 duratque
419 1267 464 1312 in
494 1268 641 1315 urceis
670 1268 745 1315 vel
773 1268 880 1314 anni
912 1267 1068 1330 spatio.
1112 1269 1226 1314 Duo
1258 1268 1351 1331 ejus
1379 1287 1453 1333 ge·

164 1345 297 1387 nera:
319 1341 465 1387 caules
482 1377 494 1399 ‚
519 1342 570 1389 &
590 1342 769 1389 racemi.
798 1341 1100 1406 Corymbiam
1117 1341 1232 1390 hanc
1255 1355 1453 1403 vocant,

163 1413 509 1478 corymbosque
543 1430 659 1478 quos
690 1413 925 1461 condiunt.

229 1487 363 1532 LVII.
389 1486 583 1532 Morbos
610 1485 837 1532 hortensia
868 1501 1055 1549 quoque
1086 1484 1304 1544 sentiunt,
1338 1485 1452 1533 ficut

161 1555 336 1620 reliqua
364 1568 495 1603 terrae
516 1556 620 1606 sata.
644 1559 850 1620 Namque
881 1560 931 1604 &
952 1557 1155 1603 ocimum
1186 1556 1356 1603 sene&a
1375 1558 1451 1603 de-

162 1642 347 1694 generat
377 1631 424 1676 in
445 1630 722 1695 serpyllum,
757 1633 808 1679 &
836 1629 1120 1694 sisymbrium
1155 1629 1202 1676 in
1235 1629 1451 1677 calamin-

160 1704 299 1752 tham.
316 1722 318 1724 ’
333 1706 390 1750 Et
419 1721 475 1751 ex
494 1703 657 1751 semine
681 1704 880 1751 brafficae
896 1703 1062 1751 veteris
1084 1720 1191 1765 rapa
1217 1702 1358 1762 fiunt,
1385 1715 1451 1750 at-

160 1793 252 1840 que
286 1776 501 1823 invicem.
538 1780 594 1823 Et
629 1788 814 1824 necatur
843 1775 1074 1823 cuminum
1105 1775 1161 1821 ab
1185 1775 1417 1822 limodoro
1437 1812 1452 1832 ‚

164 1849 249 1896 nifi
277 1863 555 1913 repurgetur.
589 1849 662 1896 Est
691 1861 842 1896 autem
872 1847 1079 1894 unicaule
1096 1883 1110 1906 ,
1137 1848 1288 1894 radice
1308 1847 1448 1895 bulbo

165 1922 330 1981 simili,
357 1938 454 1968 non
486 1922 571 1968 nisi
603 1923 650 1968 in
683 1921 781 1968 solo
807 1920 960 1985 gracili
984 1919 1182 1967 nascens.
1210 1920 1330 1966 Alias
1355 1922 1449 1983 pri—

165 1995 309 2043 vatim
337 1996 508 2043 cumini
536 1995 722 2042 morbus
743 1987 921 2040 scabies,
949 1995 1006 2039 Et
1030 1993 1231 2040 ocimum
1258 1992 1338 2040 sub
1358 1995 1451 2040 Ca-

166 2071 236 2118 nis
279 2085 386 2117 ortu
425 2069 635 2134 pallescit.
685 2067 855 2116 Omnia
893 2083 1008 2114 vero
1039 2067 1209 2114 accefl'u
1252 2068 1451 2116 mulieris

165 2144 442 2192 menstrualis
475 2143 736 2192 flavescunt.
777 2141 1069 2189 Bestiolarum
1102 2158 1284 2206 quoque
1314 2159 1450 2205 gene-

167 2235 214 2265 ra
248 2217 554 2265 innascuntur.
606 2216 748 2279 Napis
793 2216 992 2273 culices,
1031 2216 1231 2277 raphano
1275 2232 1450 2276 erucae,

167 2292 218 2337 &
245 2290 513 2337 vermiculi:
544 2290 651 2336 item
674 2288 854 2335 laetucis
885 2289 936 2335 &
961 2287 1105 2334 oleri:
1143 2285 1337 2350 utrisque
1358 2287 1450 2335 hoc

167 2364 357 2427 amplius
374 2401 388 2424 ‚
406 2364 584 2412 limaces
608 2366 656 2411 &
678 2363 890 2411 cochleae.
921 2364 1066 2409 Porro
1088 2377 1202 2408 vero
1234 2361 1449 2424 privatim

164 2438 402 2499 animalia,
423 2455 526 2504 quae
557 2437 766 2488 facillime
784 2436 978 2487 stercore
1000 2433 1166 2496 injecto
1189 2435 1448 2499 capiuntur,
