1653 2797
219 172 310 218 230
472 167 824 217 C.PL1‘N11
879 162 1309 217 SECUNDL'·

214 280 405 326 fiderum
441 277 673 324 mentione
705 276 982 324 concidenda
1014 276 1131 323 ratio
1170 276 1260 337 est,
1300 279 1350 326 &
1376 277 1493 325 diffi-

214 353 352 401 cultas
383 369 530 398 rerum
560 344 760 414 augenda
779 387 793 409 ,
815 368 916 397 cum
948 351 1061 397 fidus
1090 350 1334 400 vehemens
1355 352 1490 399 Orio-

214 424 283 470 nis
312 423 464 469 iisdem
493 422 646 469 diebus
678 421 819 485 longo
854 421 1038 468 decedat
1067 419 1225 482 spatio.

282 497 379 544 LX.
406 494 685 543 Sementibus
714 506 921 556 tempora
951 492 1153 557 plerique
1186 492 1503 556 praesumunt,
1571 545 1578 552 ,

214 570 264 615 &
296 568 351 614 ab
372 567 614 614 undecimo
643 566 712 613 die
749 566 1015 612 autumnalis
1049 566 1310 630 aequinocti-i
1345 565 1506 630 fruges·

214 639 366 686 serunt
386 676 400 698 ,
418 640 689 687 adveniente
707 640 908 685 Coronae
939 649 1127 695 exortu,
1157 638 1382 685 cont-inuis
1402 638 1496 685 die-

212 713 296 760 bus
316 724 441 761 certo
460 730 603 776 prope
627 711 837 758 imbrium
857 710 1092 773 promisso,
1120 712 1498 774 Xenophon,an-

212 799 394 850 tequam
446 788 572 834 Deus
610 785 785 848 signum
822 782 1006 829 dederit.
1047 782 1152 829 Hoc
1183 782 1349 830 Cicero
1392 785 1502 830 No-

211 858 413 906 vembris
443 858 583 903 imbre
612 855 710 902 fieri
745 855 1057 917 interpretatus
1087 854 1176 901 est:
1212 872 1313 902 cum
1340 855 1394 902 fit
1412 872 1498 902 ve-

210 948 260 978 ra
295 929 410 975 ratio
436 944 535 974 non
563 926 685 990 prius
717 926 921 984 serendi,
950 943 1087 990 quam
1123 925 1236 973 folia
1269 927 1498 991 coeperint

213 1003 433 1050 decidere.
472 1003 575 1048 Hoc
613 999 709 1064 ipso
740 1000 1039 1065 Vergiliarum
1080 1001 1242 1049 occasu
1281 1000 1377 1064 fieri
1407 1019 1497 1066 pu-

211 1088 310 1122 tant
338 1074 501 1138 aliqui,
533 1091 570 1120 a.
596 1074 636 1120 d.
670 1088 728 1120 111
759 1074 859 1120 idus
883 1074 1162 1120 Novembris
1178 1110 1192 1132 ,
1215 1085 1264 1120 ut
1285 1074 1497 1123 diximus.

211 1149 493 1210 Servantque
521 1146 566 1192 id
602 1145 718 1192 fidus
744 1146 877 1192 etiam
904 1145 1040 1194 vestis
1066 1147 1322 1206 institores,
1352 1149 1406 1195 δι’
1435 1148 1498 1196 est

210 1216 261 1267 :in
297 1220 410 1267 caelo
449 1231 612 1267 notatu
642 1218 918 1266 facillimum.
954 1222 1076 1283 Ergo
1112 1236 1170 1267 ex
1203 1219 1367 1267 occasu
1402 1219 1498 1283 ejus

211 1294 267 1340 de
302 1293 447 1339 hieme
484 1303 783 1356 augurantur,
819 1292 981 1356 quibus
1021 1291 1083 1338 est
1113 1309 1220 1340 cura
1259 1292 1497 1341 insidiandi

212 1366 511 1430 negotiatoris
532 1365 732 1412 avaritia.
754 1365 928 1412 Nubilo
947 1364 1109 1413 occasu
1128 1366 1383 1427 pluviosam
1398 1366 1496 1414 hie-

212 1455 331 1486 mem
355 1438 617 1485 denuntiat:
651 1437 886 1502 statimque
912 1450 1076 1502 augent
1101 1437 1380 1486 lacernarum
1396 1457 1497 1504 pre-

211 1513 302 1558 tia:
338 1511 494 1557 sereno
538 1511 760 1572 asperam,
802 1515 853 1559 Sc
892 1512 1164 1575 reliquarum
1197 1512 1389 1562 vestium
1415 1524 1497 1561 ‘ac-

209 1586 423 1632 cendunt.
465 1584 549 1630 Sed
582 1584 655 1629 ille
685 1584 896 1630 indocilis
928 1585 1024 1631 caeli
1054 1585 1280 1647 agricola,
1302 1586 1497 1650 hocfig-

208 1675 319 1703 num
359 1656 517 1701 habeat
550 1655 666 1701 inter
699 1654 799 1700 suos
836 1671 1024 1717 vepres,
1060 1656 1338 1718 humumque
1372 1656 1495 1703 suam

208 1729 453 1792 aspiciens,
484 1745 588 1774 cum
619 1726 729 1772 folia
755 1726 923 1772 viderit
954 1726 1147 1773 decidua.
1183 1727 1255 1775 Sic
1273 1727 1496 1776 indicatur

208 1801 318 1850 anni
348 1799 614 1862 temperies,
649 1798 755 1844 alibi
792 1799 960 1845 tardius
976 1792 998 1857 ,‘
1021 1799 1127 1845 alibi
1162 1800 1390 1846 maturius.
1430 1803 1496 1848 Ita

209 1875 334 1921 enim
363 1872 572 1930 sentitur,
598 1883 648 1917 ut
674 1870 771 1918 caeli
788 1871 969 1935 locique
994 1870 1129 1917 afficit
1149 1883 1331 1918 natura:
1360 1871 1497 1935 idque

208 1948 260 1997 in
289 1949 370 1994 hac
402 1946 575 1992 ratione
605 1945 853 2008 praecellit,
879 1946 1005 2009 quod
1039 1945 1193 1992 eadem
1225 1945 1304 1992 &
1293 1962 1340 1990 1n
1364 1962 1496 1991 mun-

208 2022 272 2068 do
305 2039 366 2084 pu
355 2021 486 2066 Colica
515 2018 608 2076 est,
640 2020 688 2066 &
715 2018 958 2096 unicuique
986 2018 1095 2066 loco
1131 2016 1379 2080 peculiaris.
1399 2017 1496 2063 Mi-

206 2104 332 2139 retur
362 2091 479 2146 hoc,
517 2090 595 2151 qui
630 2105 724 2134 non
755 2088 1008 2135 meminerit
1039 2087 1135 2150 ipso
1182 2087 1401 2133 brumali
1423 2087 1496 2134 die

207 2164 440 2229 pulegium
484 2162 530 2207 in
567 2163 777 2209 carnariis
813 2163 1001 2209 florere:
1042 2162 1155 2208 adeo
1187 2161 1300 2207 nihil
1334 2161 1495 2209 occul-

205 2249 306 2284 tum
329 2235 412 2282 effe
444 2246 601 2281 natura
630 2236 792 2281 voluit.
823 2237 878 2280 Et
903 2234 960 2281 sei
948 2234 1102 2281 r'endi
1093 2234 1229 2298 igitur
1256 2233 1346 2281 hoc
1375 2231 1495 2280 dedit

209 2309 399 2373 iignum.
448 2308 558 2353 Haec
589 2306 650 2352 est
679 2324 790 2355 vera
821 2307 1156 2369 interpretatio,
1183 2319 1493 2370 argumentum

207 2393 380 2428 naturae
400 2380 546 2427 secum
570 2380 766 2425 aderens.
808 2379 992 2442 Quippe
1022 2379 1080 2425 fic
1108 2391 1269 2425 terram
1288 2377 1379 2440 peti
1398 2375 1493 2423 sua-

205 2453 314 2513 det,
350 2452 668 2517 promittitque
707 2453 930 2516 quandam
971 2453 1178 2503 stercoris
1220 2452 1368 2501 vicem
1388 2485 1404 2510 ‚
1442 2451 1493 2500 &
