1653 2797
271 167 360 216 352
563 146 905 194 C.PL1N11
949 146 1319 192 saeuum
1367 128 1370 132 ’

269 257 496 313 nuchion,
518 254 734 319 quoniam
751 255 847 301 haec
866 253 1060 300 maxime
1085 253 1328 316 refragetur
1360 254 1543 304 Veneri.

267 332 342 378 Est
372 329 553 394 quidem
581 341 740 375 natura
765 327 974 374 omnibus
1006 326 1336 389 refrigeratrix,
1361 329 1412 374 &
1437 327 1542 375 ideo

270 402 416 449 aestate
443 413 573 464 gratae
598 399 830 446 stomacho
862 398 1084 444 fastidium
1108 396 1340 454 auferunt,
1366 397 1544 462 cibique

269 474 569 538 appetentiam
594 473 781 519 faciunt.
826 471 976 518 Divus
1004 483 1123 517 certe
1153 470 1375 534 Augustus
1406 471 1546 518 lactu-

268 569 321 599 ca
341 549 630 598 conservatus
657 549 703 594 in
731 547 990 611 aegritudine
1015 546 1158 594 fertur
1177 547 1411 609 prudentia
1436 549 1545 594 Mu-

267 625 324 671 sae
350 622 539 680 medici,
561 639 664 669 cum
686 620 847 684 prioris
880 618 1070 665 Camelii
1095 618 1252 683 religio
1284 619 1422 666 nimia
1447 637 1548 666 eam

266 706 470 760 negaret:
493 695 539 740 in
560 706 730 740 tantum
756 704 934 755 recepta
958 691 1351 739 commendatione
1366 729 1379 751 ‚
1399 705 1449 739 nt
1468 692 1544 739 ser-

267 769 369 815 vari
395 767 528 814 etiam
557 767 605 811 in
635 765 804 812 alienos
831 764 1001 810 menses
1020 781 1090 811 eas
1115 765 1366 828 oxymelite
1394 782 1543 829 reper-

261 853 361 887 tum
391 839 455 884 fit.
487 837 756 901 Sanguinem
789 853 975 900 quoque
1004 853 1164 900 augere
1191 837 1448 899 creduntur.
1470 838 1545 885 Est

264 914 530 969 etiamnum,
569 927 668 973 quae
706 922 902 956 vocatur
938 909 1118 972 caprina
1149 905 1339 969 lactuca,
1375 910 1429 958 de
1457 928 1546 975 qua

266 988 463 1034 dicemus
491 984 608 1030 inter
637 984 844 1030 medicaS.
882 986 938 1030 Et
965 1000 1070 1030 ecce
1094 1002 1198 1031 cum
1227 984 1422 1031 maxime
1445 1002 1546 1032 coe-

265 1061 332 1124 pit
362 1061 557 1121 irrepere
588 1057 739 1103 sativis
764 1057 1004 1103 admodum
1039 1057 1229 1119 probata
1247 1093 1260 1114 ‚
1293 1055 1544 1121 quae-‘Cili-

265 1135 335 1185 cia
355 1144 573 1190 vocatur,
599 1130 716 1177 folio
740 1131 1025 1193 Cappadocae
1042 1167 1056 1189 ‚
1084 1130 1164 1176 nifi
1183 1130 1374 1194 crispum
1397 1129 1542 1178 latius·

261 1224 349 1271 que
379 1206 495 1253 effet.
1528 1219 1529 1222 ¹

329 1277 551 1325 XXXIX.
583 1279 742 1342 Neque
772 1295 828 1325 ex
857 1278 1018 1325 eodem
1043 1293 1203 1341 genere
1226 1275 1407 1339 possunt
1428 1276 1542 1336 dici,

263 1369 410 1416 neque
443 1369 498 1398 ex
531 1353 619 1398 alio
650 1352 825 1408 intubi,
857 1351 1015 1398 hiemis
1044 1349 1360 1413 patientiores,
1395 1348 1556 1400 virus->

263 1443 352 1490 que
378 1425 663 1488 praeferentes
682 1462 696 1483 ,
737 1424 811 1471 sed
836 1424 960 1471 caule
983 1440 1080 1469 non
1112 1423 1259 1468 minus
1293 1422 1419 1486 grati.
1460 1422 1542 1468 Se·

254 1505 420 1544 runtur
447 1514 595 1542 verno
616 1498 781 1559 plantae
811 1513 994 1542 eorum:
1013 1494 1187 1541 'ultimo
1208 1510 1317 1540 vere
1347 1493 1540 1550 transfe-

259 1582 434 1617 runtur.
471 1568 545 1614 Est
566 1569 616 1614 &
644 1568 881 1614 erraticum
907 1567 1137 1624 intubum,
1167 1566 1293 1628 quod
1316 1565 1362 1610 in
1380 1568 1540 1630 Egyp-

260 1656 312 1689 to
348 1641 600 1689 cichorium
621 1651 824 1697 vocant,
855 1639 907 1684 de
938 1654 1029 1701 quo
1057 1637 1184 1699 plura
1209 1637 1327 1683 alias.
1367 1639 1537 1684 Inven-

260 1728 358 1762 tum
386 1729 542 1760 omnes
570 1711 778 1776 thyrsos,
807 1710 884 1758 vel
906 1710 1016 1756 folia
1047 1710 1315 1756 laciucarum
1334 1746 1347 1768 ‚
1367 1726 1537 1774 proro-

260 1805 361 1851 gare
397 1786 539 1833 urceis
575 1785 814 1842 conditos,
848 1801 899 1830 ac
939 1794 1140 1829 recentes
1169 1782 1217 1827 in
1255 1783 1418 1844 patinis
1453 1799 1536 1829 co—

258 1879 410 1925 quere.
892 1869 895 1872 ’

326 1939 543 1983 Seruntur
572 1935 751 1981 laHucae
770 1944 1021 1981 anno,toto
1044 1930 1155 1977 laetis
1184 1931 1235 1978 &
1253 1929 1407 1994 riguis,
1428 1929 1537 1977 ster-

261 2009 538 2071 coratisque,
566 2009 679 2054 binis
709 2008 928 2054 mensibus
959 2007 1074 2052 inter
1099 2004 1245 2050 semen
1263 2039 1277 2061 ‚
1312 2002 1536 2066 plantam-

258 2099 347 2145 que
365 2118 379 2139 ,
409 2083 458 2126 &
483 2081 796 2127 maturitatem.
828 2079 1094 2143 Legitimum
1127 2071 1274 2123 tamen
1291 2111 1304 2133 ,
1329 2093 1353 2122 a
1379 2075 1538 2122 bruma

259 2155 407 2202 semen
425 2153 571 2216 jacere
589 2190 602 2211 ,
621 2153 817 2215 plantam
845 2152 1054 2199 Favonio
1076 2149 1338 2198 transferre:
1374 2163 1450 2197 aut
1469 2150 1538 2197 se-

260 2245 364 2274 men
399 2226 637 2282 Favonio,
666 2225 860 2287 plantam
893 2224 1164 2287 aequinoctio
1205 2239 1367 2272 verno.
1413 2222 1537 2270 Albae

260 2298 666 2346 maximehiemem
691 2297 899 2343 tolerant.
937 2297 1140 2342 Humore
1171 2295 1324 2341 omnia
1349 2295 1535 2341 horten-

260 2372 317 2417 fia
343 2372 557 2434 gaudent,
591 2372 639 2417 &
657 2369 849 2416 stercore
867 2369 1090 2432 praecipue
1124 2369 1328 2426 lachzcae,
1362 2367 1413 2413 &
1440 2382 1536 2412 ma-

261 2446 326 2508 gis
356 2445 512 2492 intubi.
554 2443 645 2490 Seri
673 2442 806 2490 etiam
836 2442 1005 2489 radices
1030 2441 1161 2489 illitas
1192 2439 1301 2488 fimo
1329 2437 1532 2504 interest,
