1653 2797
201 203 293 250 314
463 186 519 234 C.
565 186 822 233 PLINII
872 179 1293 235 SECUNDI'
1359 195 1361 197 ’

239 296 477 343 LXXXV.
497 294 569 342 Est
583 297 632 344 &
645 312 855 359 aquarum
873 293 1149 358 significatio.
1170 298 1294 344 Mare
1311 295 1343 342 fi
1359 307 1467 343 tran·

199 368 395 431 quillum
421 369 467 414 in
497 381 631 431 portu
665 385 690 414 a
721 367 845 414 cursu
873 367 999 415 stabit
1017 405 1030 424 ‚
1054 370 1102 416 &
1122 368 1468 415 murmuraverit

199 440 315 485 intra
328 438 386 496 se,
407 453 594 486 ventum
610 439 824 502 praedicit.
842 441 886 486 Si
907 441 1167 496 identidem,
1187 442 1237 487 &
1250 440 1468 497 hiemem,

198 512 248 557 &
272 512 472 558 imbrem.
509 513 659 559 Litora
679 513 874 575 ripaeque
898 511 928 557 fi
948 512 1219 559 resonabunt
1248 509 1469 573 tranquil-

197 579 265 636 lo,
286 581 478 645 asperam
495 581 816 644 tempestatem:
837 581 942 626 item
960 583 1092 628 maris
1112 580 1245 643 ipsius
1262 577 1468 642 tranquil·

197 653 245 699 lo
274 653 468 713 sonitus,
490 654 713 718 spumaeve
742 653 968 717 dispersae,
984 667 1059 701 aut
1082 671 1208 717 aquae
1231 654 1465 701 bullantes.

197 726 437 774 Pulmones
472 727 628 774 marini
657 727 705 772 in
733 726 919 790 pelago,
947 726 1136 789 plurium
1171 726 1341 774 dierum
1372 726 1469 772 hie-

197 816 314 845 mem
344 801 636 862 portendunt.
664 800 787 861 Saepe
812 793 863 847 &
881 798 1057 845 silentio
1087 796 1368 855 intumescit,
1385 797 1468 844 fla·-

197 882 332 934 tuque
358 872 491 918 altius
513 871 647 919 solito
675 871 763 934 jam
790 871 904 919 intra
931 871 973 919 se
995 871 1078 919 effe
1099 883 1264 919 ventos
1294 870 1470 919 fatetur.

263 947 520 994 LXXXVI.
558 946 776 1010 Equidem
808 947 857 993 &
896 946 1121 993 montium
1156 945 1356 1003 sonitus,
1388 961 1471 992 ne·-

197 1035 466 1082 morumque
495 1020 687 1083 mugitus
709 1020 985 1082 praedicuntt
1017 1020 1067 1066 &
1093 1018 1183 1064 fine
1215 1034 1321 1064 aura
1338 1053 1352 1075 ‚
1371 1034 1471 1080 quae

199 1090 432 1150 sentiatur,
458 1092 567 1139 folia
593 1093 805 1141 ludentia.
846 1095 1034 1156 Lanugo
1064 1090 1252 1155 populi,
1275 1103 1350 1139 aut
1379 1091 1468 1152 spi-

199 1180 302 1221 nae,
332 1164 562 1214 volitans:
600 1165 813 1229 aquisque
853 1165 1004 1228 plu-ma
1048 1164 1269 1210 innatans.
1322 1164 1472 1225 Atque

199 1236 330 1283 etiam
347 1238 395 1283 in
428 1240 593 1302 campis
617 1237 918 1301 tempestatem
950 1248 1188 1283 venturam
1216 1234 1471 1297 praecedens

201 1306 301 1354 suus
332 1308 501 1372 fragor:
532 1311 629 1357 caeli
656 1311 837 1375 quidem
856 1326 1058 1357 murmur
1078 1324 1175 1355 non
1197 1306 1375 1355 dubiam
1394 1305 1473 1353 ha·-

199 1379 274 1425 bet
292 1378 676 1442 significationem.

284 1441 558 1502 [XXXVII.
599 1454 870 1519 Praesagiunt
904 1456 953 1502 δε
991 1453 1210 1502 animalia.
1253 1450 1475 1514 Delphini

201 1526 447 1588 tranquillo
478 1528 587 1573 mari
617 1527 895 1575 lascivientes
915 1564 929 1585 ‚
962 1528 1144 1585 flatum,
1184 1544 1242 1574 ex
1267 1543 1354 1590 qua
1387 1542 1473 1573 ve·-

203 1597 335 1643 niunt
351 1611 500 1660 parte:
529 1599 634 1645 item
665 1599 916 1661 spargentes
944 1617 1105 1662 aquam·
1121 1600 1302 1646 turbato
1315 1634 1333 1656 ‚¹
1349 1609 1474 1645 tran-

202 1669 480 1731 quillitatem.
512 1671 675 1735 Loligo
697 1672 895 1718 volitans
911 1706 925 1728 ‚
955 1671 1142 1719 conchae
1169 1669 1472 1717 adhaerescen-

203 1752 296 1798 tes‚
327 1742 475 1788 echini
503 1744 731 1806 affigentes
763 1742 849 1788 sese
867 1779 882 1799 ,
913 1756 987 1788 aut
1011 1759 1145 1789 arena
1172 1741 1473 1800 saburrantes,

203 1814 470 1875 tempestatis
498 1815 616 1878 signa
638 1814 751 1862 sunt.
782 1816 921 1861 Ranae
937 1832 1121 1878 quoque
1147 1815 1263 1862 ultra
1292 1814 1474 1863 solitum

204 1887 401 1935 vocales.
433 1890 489 1936 Et
521 1888 669 1936 fulicae
697 1888 918 1936 matutino
947 1888 1171 1951 clangore.
1199 1889 1311 1934 Item
1335 1888 1476 1951 mergi

205 1960 469 2023 anatesque,
497 1978 664 2023 pennas
695 1961 842 2008 rostro
864 1973 1101 2024 purgantes
1117 1996 1133 2018 ‚
1163 1971 1377 2006 ventum:
1402 1976 1477 2006 ce·

205 2044 400 2096 teraeque
421 2034 633 2096 aquaticae
658 2051 764 2081 aves
789 2033 1104 2081 concursantes
1124 2050 1134 2078 ε
1164 2048 1298 2095 grues>
1319 2032 1367 2078 in
1386 2048 1476 2078 me-

206 2104 452 2151 diterranea
480 2105 733 2154 festinantes
754 2125 767 2154 z
791 2107 930 2170 mergi
956 2106 1096 2153 maria>
1114 2118 1194 2153 aut
1223 2105 1374 2170 stagna
1402 2104 1477 2152 fu-

206 2177 388 2240 gientes.
423 2180 565 2225 Grues
597 2179 771 2226 filentio
807 2197 885 2241 per
920 2178 1105 2225 sublime
1136 2177 1378 2235 volantes,
1410 2177 1476 2224 se-

208 2250 469 2298 renitatem:
504 2250 562 2297 fic
596 2251 758 2297 noema
793 2252 840 2296 in
876 2251 1014 2297 imbre
1047 2249 1253 2313 garrula:
1287 2261 1332 2296 at
1363 2248 1477 2296 sere-

207 2339 297 2381 no,
329 2323 659 2386 tempestatem:
695 2324 914 2385 corvique
949 2322 1141 2385 singultu
1184 2321 1381 2384 quodam
1411 2320 1476 2367 la·—

208 2407 372 2443 trantes
390 2432 403 2454 ‚
430 2395 559 2459 seque
580 2396 887 2442 concutientes
900 2432 915 2453 ‚
936 2396 966 2441 fi
987 2394 1344 2449 continuabunt,
1362 2409 1476 2438 ven-

210 2480 310 2514 tos:
340 2467 370 2514 fi
399 2485 510 2515 vero
539 2469 727 2532 carptim
759 2485 924 2516 vocem
958 2466 1276 2524 resorbebunt,
1309 2476 1475 2511 vento·
