1653 2797
266 189 1291 241 NATUR.HISTOR.L113.XV111.
1359 206 1447 253 303

168 297 301 346 acino
334 317 391 347 ex
424 299 632 345 densitate
660 296 951 343 intervallum
988 315 1083 345 non
1119 298 1339 362 compleri
1371 317 1452 362 ap—

171 373 392 435 paruerit,
441 371 617 418 acinum
665 386 760 414 non
804 370 971 432 augeri.
1020 373 1191 419 Acinos
1234 372 1455 436 plurimos

173 444 288 505 fert,
310 446 341 492 fi
362 444 599 507 contingat
623 440 844 489 crescente
866 444 991 488 Luna
1011 444 1303 492 vindemiare.
1332 444 1456 491 Pres-

168 517 264 564 sura
282 535 370 563 una
405 515 562 562 culeos
592 527 666 560 XX
700 513 886 576 implere
909 513 1053 561 debet.
1087 517 1176 562 Hic
1205 518 1265 563 est
1288 535 1364 580 pes
1385 517 1456 578 ju-

168 589 272 635 stus.
314 588 385 633 Ad
419 586 613 633 totidem
659 585 814 632 culeos
843 587 894 632 &
931 586 1051 633 lacus
1074 623 1087 644 ‚
1122 602 1196 634 ΧΧ
1229 589 1456 653 jugeribus

166 677 308 706 unum
342 658 503 706 sufficit
538 658 784 705 torculum.
825 659 1038 704 Premunt
1071 659 1211 723 aliqui
1240 661 1419 725 singulis
1441 702 1457 724 ‚

166 733 322 781 utilius
341 733 459 780 binis
474 768 487 790 ‚
511 731 616 778 lit-et
645 749 804 795 magna
835 732 886 777 fit
910 732 1088 778 vastitas
1108 733 1301 796 singulis.
1332 738 1458 782 Lon·-

170 807 327 870 gitudo
361 806 408 852 in
434 806 503 852 his
533 805 695 862 refert,
727 821 823 851 non
852 806 1119 853 crassitudo:
1148 807 1338 870 spatiosa
1361 826 1458 856 me*-

170 881 254 928 lius
289 891 516 943 premunt.
552 878 740 941 Antiqui
775 877 956 925 funibus
987 877 1203 943 vittisque
1236 880 1372 927 loreis
1408 898 1460 927 ea

170 952 486 1009 detrahebant,
516 953 565 1000 &
595 951 811 998 vectibus.
846 952 963 997 Intra
1002 962 1180 996 centum
1212 969 1356 999 annos
1386 953 1460 998 in-

171 1038 307 1070 venta
326 1023 618 1080 Graecanica,
654 1022 760 1068 mali
793 1022 915 1086 rugis
939 1040 1018 1085 per
1049 1023 1256 1071 cochleas
1284 1025 1462 1072 bullan-

170 1099 320 1155 tibus‚
348 1097 459 1160 palis
492 1097 623 1143 affixa
655 1095 808 1141 arbori
832 1096 981 1154 stella,
1012 1114 1035 1142 a
1059 1097 1170 1159 palis
1200 1115 1321 1144 arcas
1348 1099 1461 1162 lapi-

173 1172 279 1217 dum
308 1171 545 1217 attollente
580 1169 727 1217 secum
757 1170 943 1217 arbore:
972 1172 1098 1233 quod
1127 1173 1321 1218 maxime
1350 1190 1461 1236 pro-

175 1244 320 1291 batur.
366 1246 484 1291 Intra
523 1244 688 1308 viginti
732 1244 844 1290 duos
887 1243 972 1290 hos
1010 1260 1153 1290 annos
1190 1245 1462 1303 inventum,

173 1318 328 1382 parvis
353 1319 516 1381 prelis,
545 1320 595 1366 &
633 1317 802 1364 minori
846 1319 1096 1376 torculari,
1132 1318 1325 1367 aedificio
1357 1321 1462 1367 bre-

175 1391 310 1439 viore
330 1427 343 1449 ‚
378 1394 428 1439 &
457 1392 577 1438 malo
610 1392 655 1438 in
687 1392 838 1438 medio
871 1391 1082 1450 decreto,
1121 1408 1339 1457 tympana
1375 1394 1463 1439 im-

175 1463 321 1528 pofita
357 1463 558 1510 vinaceis
601 1463 790 1527 superne
821 1475 923 1509 toto
954 1464 1155 1526 pondere
1191 1481 1348 1529 urgere
1370 1502 1383 1524 ,
1415 1469 1466 1514 &

177 1536 307 1600 super
330 1536 454 1599 prela
485 1536 744 1584 construere
766 1536 1039 1599 congeriem.

261 1611 364 1657 Hoc
397 1611 447 1656 &
481 1627 617 1672 poma
647 1608 891 1672 colligendi
920 1620 1132 1672 tempus,
1164 1611 1215 1657 &
1248 1610 1464 1658 observa-

177 1683 245 1728 tio
263 1717 276 1739 ,
299 1699 402 1728 cum
429 1680 617 1744 aliquod
641 1681 895 1726 maturitate
915 1716 929 1737 ‚
956 1697 1053 1726 non
1077 1681 1336 1744 tempestate
1351 1720 1363 1742 ,
1384 1684 1464 1729 de-

179 1756 369 1805 ciderit:
398 1756 490 1801 hoc
530 1756 580 1802 &
609 1753 739 1801 saeces
769 1754 1081 1816 exprimendi:
1117 1755 1207 1801 hoc
1243 1758 1292 1803 &
1314 1757 1466 1803 defru-

179 1840 276 1874 tum
300 1826 529 1891 coquendi
561 1825 715 1872 silente
734 1828 859 1872 Luna
892 1826 1057 1873 nociu:
1095 1838 1170 1872 aut
1193 1827 1223 1872 fi
1245 1827 1465 1888 interdiu,

181 1900 315 1963 plena
335 1917 346 1945 ε
381 1899 539 1947 ceteris
559 1899 719 1945 diebus
744 1910 819 1944 aut
838 1910 940 1944 ante
959 1911 1173 1945 exortum
1193 1902 1332 1946 Lunae
1347 1938 1362 1957 ,
1390 1914 1466 1948 aut

184 1973 287 2036 post
318 1973 538 2021 occasum.
572 1975 669 2020 Nec
694 1974 747 2019 de
777 1973 965 2019 novella
995 1972 1119 2030 vite,
1149 1987 1223 2020 aut
1253 1976 1465 2038 palustri,

187 2064 270 2093 nec
290 2047 371 2092 nifi
389 2064 412 2093 e
429 2059 600 2093 matura
618 2063 729 2103 uva,
751 2063 834 2093 nec
852 2046 933 2091 nisi
952 2044 1073 2092 foliis
1092 2047 1438 2110 despumandum
1456 2070 1467 2096 :

186 2120 288 2182 quia
316 2119 348 2165 fi
379 2120 504 2183 ligno
541 2119 830 2181 contingatur
863 2135 971 2176 vas,
1008 2119 1208 2166 adustum
1237 2138 1288 2167 ac
1313 2119 1467 2168 fumo-

187 2194 282 2242 sum
304 2193 400 2239 fieri
419 2205 589 2256 putant.
609 2192 776 2240 Justum
798 2192 1042 2239 vindemiae
1061 2205 1236 2256 tempus
1257 2194 1312 2240 ab
1333 2197 1469 2258 aequi-

189 2266 346 2312 noctio
371 2267 427 2312 ad
441 2264 742 2328 Vergiliarum
776 2265 986 2312 occasum
1018 2265 1110 2313 dies
1136 2280 1274 2313 XLIV.
1311 2268 1383 2314 Ab
1411 2285 1467 2314 eo

190 2340 262 2386 die
286 2340 515 2386 oraculum
542 2340 769 2398 occurrit,
797 2339 1005 2404 frigidum
1036 2341 1175 2405 picari
1210 2358 1294 2404 pro
1325 2342 1468 2388 nihilo

192 2415 466 2461 ducentium.
499 2415 581 2460 Sed
609 2413 697 2476 jatn
730 2416 779 2462 δέ
806 2415 1018 2461 Kalendi5
1040 2416 1233 2465 Januarii
1251 2452 1263 2474 ‚
1295 2415 1468 2463 defestu

192 2486 403 2535 vasorum
416 2523 430 2547 ‚
448 2487 775 2536 vindemiantes
790 2488 908 2549 vidi,
924 2488 1186 2553 piscinisque
1206 2489 1346 2536 musta
1367 2507 1468 2538 con·
