1653 2797
232 175 320 222 142
412 189 417 195 -
517 154 1262 206 C.PL1NIISECUND1

226 268 404 318 circiter
421 280 588 314 annum
613 278 778 313 CCCCL
793 265 939 313 habet.
961 265 1206 329 Antiquior
1228 266 1305 314 illa
1321 266 1408 326 est,
1430 261 1502 313 sed

223 343 394 388 incerta
431 337 524 401 ejus
545 349 648 384 aetas
667 373 681 396 ,
713 354 813 400 quae
837 338 1037 401 capillata
1066 338 1229 385 dicitur
1249 372 1263 396 ‚
1285 339 1496 402 quopiam

226 413 469 461 Vestalium
494 412 721 475 virginum
747 411 930 474 capillus
958 412 1012 458 ad
1034 429 1131 459 eam
1161 411 1373 460 defertur.

288 485 539 533 LXXXVI.
556 485 726 530 Verum
744 484 877 531 altera
899 485 1020 531 lotos
1041 485 1086 531 in
1098 487 1140 530 V
1142 485 1356 544 ulcanali,
1375 485 1499 548 quod

223 557 444 605 Romulus
474 556 703 603 constituit
722 572 778 602 ex
800 556 990 603 vi&oria
1017 558 1069 603 de
1089 558 1311 615 decumis,
1340 574 1498 620 aequae-

221 648 282 678 va
314 630 429 677 Urbi
463 627 755 693 intelligitur,
787 640 837 675 ut
863 630 1018 676 auctor
1047 630 1110 676 est
1141 628 1371 675 Masurius.
1410 630 1498 674 Ra-

220 703 342 750 dices
379 700 475 763 ejus
505 701 552 747 in
587 700 741 747 forum
774 700 912 763 usque
949 700 1135 747 Caesaris
1173 717 1252 764 per
1288 701 1499 747 stationes

221 772 573 835 municipiorum
615 783 863 834 penetrant.
910 770 1010 816 Fuit
1044 787 1147 817 cum
1186 788 1238 817 ea
1277 771 1500 834 cupressus

222 846 401 910 aequalis
418 882 432 903 ‚
460 844 579 892 circa
607 842 809 906 suprema
831 843 1030 890 Neronis
1051 843 1266 907 principis
1292 842 1497 906 prolapsa

220 932 353 982 atque
378 916 588 979 negleEia.

282 990 559 1037 LXXXVII.
589 987 822 1035 Vetustior
860 999 1008 1034 autem
1044 988 1167 1036 Urbe
1194 988 1242 1034 in
1271 987 1497 1034 Vaticano

218 1061 337 1120 ilex,
374 1061 422 1108 in
457 1078 545 1124 qua
583 1060 737 1107 titulus
781 1060 905 1107 aereis
949 1060 1085 1107 literis
1124 1058 1318 1106 Etruscis
1341 1095 1355 1117 ‚
1387 1059 1494 1105 reli-

218 1136 353 1199 gione
388 1133 597 1180 arborem
628 1132 716 1193 jam
750 1144 847 1179 tum
879 1132 1058 1195 dignam
1096 1131 1220 1178 fuiffe
1262 1130 1492 1195 fignificat.

217 1208 430 1254 Tiburtes
462 1221 646 1268 quoque
677 1204 898 1267 originem
922 1205 1067 1250 multo
1095 1221 1195 1251 ante
1214 1204 1372 1252 urbem
1393 1204 1492 1250 Ro·-

214 1300 332 1334 mam
356 1281 535 1328 habent.
564 1279 699 1343 Apud
730 1295 809 1325 eos
846 1278 1019 1326 exstant
1054 1278 1178 1326 ilices
1203 1290 1329 1335 tres,
1360 1277 1493 1328 etiam

215 1355 257 1401 T
261 1354 412 1400 iburto
449 1352 688 1400 conditore
720 1367 881 1397 eorum
912 1350 1208 1408 vetustiore3‚
1238 1349 1367 1412 apud*
1383 1366 1493 1413 quas

214 1428 500 1491 inauguratus
521 1425 723 1472 traditur.
755 1425 895 1471 Fuiffe
933 1437 1082 1472 autem
1111 1441 1215 1471 eum
1240 1423 1420 1471 tradunt
1442 1422 1492 1470 fi-

212 1499 323 1545 lium
349 1496 634 1559 Amphiarai,
660 1496 738 1559 qui
765 1497 885 1559 apud
904 1498 1082 1545 Thebas
1102 1496 1267 1544 obierit
1283 1513 1371 1542 una
1389 1508 1490 1542 aeta·

212 1587 257 1619 te
291 1587 393 1619 ante
412 1571 596 1617 Iliacum
626 1569 805 1616 bellum.

276 1645 565 1693 LXXXVIII.
602 1643 714 1689 Sunt
742 1641 943 1689 auctores
970 1645 1019 1692 &
1046 1642 1317 1705 Delphicam
1346 1644 1486 1706 plata—

212 1736 323 1772 num
362 1715 715 1781 Agamemnonis
748 1733 886 1762 manu
923 1715 1088 1763 satam:
1125 1718 1174 1764 ὃ(
1216 1717 1398 1763 alteram
1440 1716 1487 1762 in

207 1788 412 1854 Caphyis
433 1788 634 1836 Arcadiae
654 1788 775 1836 luco,
794 1790 908 1835 Sunt
927 1790 1061 1836 hodie
1078 1806 1134 1835 ex
1149 1789 1340 1836 adverso
1358 1790 1485 1835 Ilien»-

209 1865 322 1911 1ium
351 1861 502 1918 urbis,
535 1859 660 1922 juxta
694 1861 1065 1925 Hellespontum,
1092 1861 1139 1907 in
1165 1861 1392 1909 Protesilai
1421 1860 1487 1908 se-

209 1934 371 1999 pulcro
402 1933 614 1991 arbores,
649 1950 750 1997 quae
778 1933 989 1980 omnibus
1025 1932 1135 1979 aevis
1170 1950 1275 1979 cum
1306 1932 1352 1978 in
1383 1947 1484 1978 tan·-

207 2021 306 2056 1um
350 2021 586 2055 accrevere
609 2041 623 2064 ‚
662 2018 713 2052 ut
747 2005 878 2052 Ilium
917 2004 1127 2068 aspiciant
1153 2042 1168 2065 ‚
1199 2005 1483 2065 inarescunt,

209 2079 440 2143 mrsusqiie
458 2078 734 2127 adolescunt.
765 2080 896 2126 Juxta
917 2080 1076 2128 urbem
1101 2090 1248 2125 autem
1264 2096 1455 2142 quercus
1469 2113 1483 2138 ,

206 2152 258 2201 iu
278 2151 327 2198 Ili
344 2151 522 2198 tumulo
549 2164 660 2198 tunc
684 2150 785 2199 satae
805 2152 1040 2211 dicuntur,
1065 2167 1170 2199 cum
1193 2151 1336 2215 coepit
1354 2151 1482 2198 Ilium

208 2240 385 2270 vocari.

273 2296 529 2343 LXXXIX.
548 2297 677 2361 Argis
696 2297 796 2344 olea
815 2314 934 2343 nunc
955 2295 1086 2343 etiam
1113 2294 1270 2341 durare
1290 2293 1453 2343 dicitur
1465 2326 1480 2350 ‚

205 2369 265 2414 ad
295 2386 428 2432 quam
457 2372 505 2416 Io
544 2371 593 2418 in
618 2389 805 2419 vaccam
838 2383 1054 2417 mutatam
1084 2376 1228 2433 Argus
1266 2369 1480 2432 alligave*

208 2440 282 2507 rit.
325 2444 374 2489 In
399 2444 550 2491 Ponto
571 2444 690 2493 circa
709 2434 971 2493 Heracleam
995 2461 1078 2489 arae
1097 2442 1195 2489 sunt
1216 2442 1341 2491 Jovis
1361 2442 1478 2485 Stra*
