1653 2797
236 186 510 237 NATUR.
547 186 1278 239 H1sToR.1,113.xv111.
1333 204 1421 260 305

140 293 198 344 ’δε
228 296 372 344 oculis
403 295 629 343 dimidiata
664 294 963 357 judicabitur:
1005 314 1106 345 cum
1147 293 1259 347 veio
1296 300 1425 348 occi-0

143 368 279 416 dente
309 369 414 417 Sole
440 365 611 416 'orietur
642 385 700 414 ex
734 369 925 416 adverso
942 406 956 429 ,
978 371 1040 418 ita
1062 383 1114 418 ut
1133 374 1298 436 pariter
1316 374 1428 437 aspi·

142 440 349 500 ciantur,
381 454 480 488 tum
520 440 606 487 erit
639 439 951 503 plenilunium.
993 444 1189 502 Quoties
1227 446 1283 492 ab
1319 458 1429 492 ortu

144 513 264 560 Solis
297 513 504 570 otietur,
538 512 851 576 prioribusque
887 514 1031 560 noffis
1068 515 1192 563 horis
1231 519 1429 566 detrahet

144 585 300 634 lumen
319 622 334 646 ‚
363 587 414 633 &
446 586 493 632 in
525 587 705 634 diurnas
740 589 983 647 extendet,
1019 587 1276 639 decrescens
1310 593 1429 651 erit,

144 656 398 722 iterumque
439 658 637 706 dimidia.
693 661 744 706 In
784 659 911 707 coitu
944 677 1059 707 vero
1091 661 1250 726 (quod
1284 665 1428 711 inter-n

143 724 323 776 lunium
344 730 539 794 vocant)
571 748 674 777 cum
702 748 914 794 apparere
943 732 1132 780 desierit.
1169 735 1310 796 Supra
1334 747 1427 783 ter-

144 816 215 846 ras
249 813 400 848 autem
438 803 547 860 erit,
581 803 793 866 quamdiu
822 805 873 851 ὅ(
908 804 1018 864 Sol,
1055 805 1329 866 interlunio,
1373 811 1427 856 &z

144 875 290 939 prima
316 888 414 922 tota
441 875 545 923 die:
576 876 791 933 secunda,
819 878 944 924 horae
973 878 1106 925 unius
1135 879 1346 928 dextante
1368 882 1423 928 fi·

145 946 314 994 cilico:
354 964 407 994 ac
444 947 603 994 deinde
646 948 775 996 tertia
825 948 963 1012 usque
999 951 1054 996 ad
1096 949 1427 1014 quintamdeci⁶

145 1035 299 1077 mam,
335 1018 646 1082 multiplicatis
680 1020 893 1066 horarum
925 1020 1078 1067 iisdem
1110 1024 1429 1085 portionibus:

144 1092 476 1157 quintadecima
510 1106 607 1140 tota
638 1092 765 1157 supra
790 1104 928 1140 terras
960 1096 1097 1141 noffii
1117 1096 1227 1156 erit,
1252 1098 1428 1146 eadem-

143 1183 233 1230 que
269 1165 347 1212 sub
380 1166 507 1213 terris
543 1178 641 1213 tota
681 1167 766 1213 die.
824 1167 1141 1214 Decimasexta
1176 1170 1231 1216 ad
1269 1171 1429 1234 primae

145 1239 275 1286 horae
298 1238 530 1284 noiturnae
550 1238 808 1285 dextantem
831 1239 1047 1287 sicilicum
1067 1240 1147 1286 sub
1163 1253 1279 1289 terra
1299 1257 1429 1308 aget‚‘

143 1310 405 1375 easdemque
422 1311 658 1374 portiones
682 1312 896 1359 horarum
922 1330 1001 1377 per
1019 1314 1216 1378 fingulos
1242 1318 1334 1364 dies
1353 1319 1429 1365 ad-

144 1381 271 1449 jiciet
313 1383 448 1449 usque
489 1385 544 1432 ad
579 1385 888 1434 interlunium.
929 1388 986 1433 Et
1017 1400 1235 1450 quantum
1273 1391 1430 1453 primis

145 1456 346 1520 partibus
379 1457 523 1504 nottis
558 1458 800 1505 detraxerit
819 1494 834 1517 ‚
868 1459 995 1522 quod
1029 1458 1106 1504 sub
1133 1460 1262 1506 terris
1298 1475 1431 1526 agat,

147 1530 409 1577 tantundem
438 1531 691 1578 noviffimis
715 1548 773 1578 ex
799 1533 870 1578 die
889 1528 1068 1594 adjiciet
1093 1533 1223 1596 supra
1247 1546 1429 1584 terram.

147 1604 346 1651 Alternis
377 1619 452 1650 aut
534 1605 771 1668 *mentibus
801 1612 916 1651 xxx
943 1605 1147 1668 implebit
1182 1623 1428 1666 numerOS,

146 1675 326 1724 alternis
353 1693 469 1725 vero
530 1677 700 1725 etrahet
720 1678 930 1743 singulos.
969 1680 1079 1726 Haec
1106 1679 1190 1725 erit
1216 1681 1334 1727 ratio
1355 1681 1428 1727 lu-n

146 1751 278 1800 naris.
526 1754 572 1797 Ὗ

212 1824 417 1872 LXXVI.
450 1826 704 1874 Ventorum
739 1826 877 1890 paulo
906 1823 1223 1891 scrupolofior,
1258 1828 1429 1875 Obserffl

148 1913 260 1946 vato
294 1900 410 1946 Solis
450 1914 557 1946 ortu
592 1915 867 1964 quocunque
904 1899 1038 1947 libeat
1076 1899 1182 1958 die,
1213 1899 1429 1948 stantibus

145 1970 261 2019 hora
287 1972 374 2019 diei
406 1971 558 2030 sexta,
592 1974 651 2020 fic
681 1986 730 2019 ut
762 1988 912 2019 ortum
944 1990 1047 2020 eum
1072 1990 1097 2020 a
1128 1973 1302 2019 sinistro
1339 1974 1428 2021 hu·-

147 2060 276 2091 mero
301 2044 518 2103 habeant,
549 2058 710 2092 contra
739 2046 931 2093 mediam
964 2045 1126 2092 faciem
1147 2046 1380 2106 meridies,
1403 2064 1429 2094 a

147 2117 322 2165 vertice
353 2116 611 2180 septemtrio
644 2118 740 2164 erit.
778 2119 874 2178 Qui
902 2119 963 2166 ita
993 2118 1118 2167 limes
1154 2136 1234 2182 per
1271 2128 1427 2184 agrum

149 2188 324 2248 currit,
357 2191 495 2238 cardo
522 2191 780 2253 appellatur.
813 2191 1068 2255 Circumagi
1089 2191 1249 2239 deinde
1268 2193 1429 2239 melius

147 2264 238 2321 est,
272 2274 321 2309 ut
344 2263 545 2310 umbram
572 2263 692 2310 suam
710 2263 896 2328 quisque
915 2277 1065 2311 cernat
1085 2283 1095 2310 :
1131 2266 1302 2329 alioqui
1324 2265 1428 2329 post

148 2334 384 2382 hominem
409 2335 504 2382 erit.
536 2330 658 2400 Ergd'
677 2337 937 2399 permutatis
968 2337 1202 2395 lateribus,
1228 2350 1277 2384 ut
1298 2351 1426 2385 ortus

146 2405 268 2455 illius
299 2406 384 2454 diei
420 2425 445 2454 a
477 2406 639 2455 dextro
677 2409 868 2456 humero
898 2409 1004 2469 fiat,
1041 2410 1227 2458 occasus
1259 2427 1284 2456 a
1317 2410 1425 2457 fini-2
1500 2470 1503 2472 q

148 2478 274 2537 stro,
309 2490 420 2526 tunc
454 2479 537 2524 erit
576 2480 687 2528 hora
719 2480 873 2540 sexta,
908 2483 1230 2529 cum'minima
1269 2482 1422 2529 umbra

228 2554 272 2599 c.
293 2554 410 2600 elin.
437 2557 535 2602 Vol.
567 2555 653 2601 111.
870 2557 895 2580 0‘
1096 2558 1132 2602 v
1427 2545 1431 2548 ’
