1653 2797
340 166 402 209 74
606 148 660 193 C.
712 145 972 192 ΡΙ..ῙΝΙΙ
1023 145 1396 196 SECUNDI

341 255 446 319 cejis
477 255 525 302 in
556 253 794 319 Elpenoris
817 254 996 302 tumulo
1023 253 1120 302 visa
1147 256 1358 305 traditur:
1381 261 1616 308 Graecum-

336 344 424 391 que
455 327 496 374 ei
531 344 698 375 nomen
731 338 959 386 remanet,
987 344 1080 392 quo
1113 328 1395 393 peregrinam
1422 332 1505 379 effe
1539 350 1615 396 ap-

337 413 476 464 paret.
513 402 612 449 Fuit
634 402 712 449 ubi
737 418 858 448 nunc
879 403 1028 448 Roma
1051 401 1112 449 est
1129 438 1142 461 ,
1162 402 1252 464 jam
1269 415 1366 451 tum
1387 421 1489 452 cum
1507 423 1618 453 con-

337 473 543 521 deretur:
579 474 747 539 quippe
766 475 828 521 ita
849 474 1040 521 traditur
1055 510 1069 533 ‚
1101 488 1281 540 myrtea
1302 477 1501 524 verbena
1522 479 1617 525 Ro-

337 565 498 595 manos
529 548 839 613 Sabinosque,
877 566 980 596 cum
1013 563 1201 613 propter
1234 562 1383 613 raptas
1417 551 1619 616 virgines

336 621 549 668 dimicare
567 621 815 669 voluiffent
828 658 841 680 ‚
871 621 1081 684 depofitis
1107 621 1239 669 armis
1256 634 1473 687 purgatos
1498 624 1546 669 in
1563 640 1622 670 eo

335 694 445 742 loco
460 732 474 754 ,
496 696 572 759 qui
590 713 713 742 nunc
734 695 1050 759 fignaVeneris
1065 695 1299 742 Cluacinae
1314 695 1462 743 habet.
1482 697 1619 743 Clue-

337 785 386 814 re
419 769 540 814 enim
568 769 739 832 antiqui
771 785 963 832 pungare
990 767 1214 815 dicebant.
1245 770 1302 814 Et
1335 768 1382 815 in
1418 786 1470 816 ea
1501 786 1622 833 quo-

339 859 427 905 que
444 843 604 888 arbore
629 841 866 888 suffimenti
883 858 1022 906 genus
1041 842 1244 888 habetur.
1264 841 1485 889 Ideo‘tum
1505 843 1620 891 elec·

341 925 418 971 ta,
466 914 684 977 quoniam
720 913 1068 975 conjunffioni‚
1111 916 1162 962 &
1192 913 1300 961 huie
1339 914 1493 962 arbori
1528 918 1623 962 Ve-

340 1003 425 1032 nus
452 986 624 1048 praeest.
654 987 785 1034 Haud
808 986 929 1045 scio,
959 1003 1016 1033 an
1045 986 1190 1049 prima
1225 986 1433 1034 omnium
1467 986 1515 1033 in
1549 986 1623 1034 lo-

341 1059 405 1106 cis
441 1059 633 1121 publicis
671 1061 832 1106 Romae
865 1059 983 1118 sata,
1008 1058 1196 1106 fatidico
1230 1060 1412 1123 quidem
1445 1060 1496 1108 &
1525 1077 1623 1107 me-

340 1131 552 1178 morabili
590 1133 796 1197 augurio.
833 1135 952 1179 Inter
987 1131 1289 1195 antiquiffima
1318 1148 1512 1196 namque
1546 1133 1624 1180 de-

342 1203 472 1250 lubra
501 1204 690 1251 habetur
721 1204 940 1264 Quirini,
966 1203 1058 1250 hoc
1081 1202 1170 1261 est,
1193 1202 1325 1266 ipfius
1342 1204 1529 1252 Romuli
1547 1223 1558 1251 ε
1576 1205 1624 1252 in

342 1295 400 1325 eo
419 1278 551 1327 sacrae
570 1279 695 1326 fuere
714 1279 856 1343 myrti
877 1279 975 1325 duae
995 1289 1097 1324 ante
1119 1276 1259 1323 aedem
1279 1277 1416 1341 ipsam
1434 1294 1514 1342 per
1523 1278 1626 1325 lon-

342 1370 449 1416 gum
473 1366 647 1416 tempus
667 1389 681 1411 ‚
708 1353 844 1400 altera
876 1351 1064 1416 patricia
1096 1350 1342 1413 appellata,
1370 1350 1508 1399 altera
1530 1351 1626 1414 ple-

342 1421 458 1484 beja.
506 1423 696 1469 Patricia
725 1423 877 1469 multis
913 1423 1040 1469 annis
1079 1422 1347 1485 praevalust,
1377 1423 1626 1471 exuberans

344 1512 397 1542 ac
428 1495 552 1554 laeta,
581 1496 791 1560 quamdiu
823 1497 1009 1543 Senatus
1026 1512 1208 1559 quoque
1231 1495 1412 1554 floruit,
1447 1498 1523 1544 illa
1554 1498 1627 1544 in-

346 1584 485 1631 gens:
514 1567 689 1631 plebeja
734 1568 954 1615 retorrida
981 1585 1031 1616 ac
1062 1567 1269 1631 squalida.
1301 1569 1421 1629 Quae
1448 1570 1626 1633 postea-

346 1657 480 1703 quam
516 1641 716 1699 evaluit,
752 1640 1018 1689 flavescente
1053 1640 1263 1703 patricia,
1296 1641 1493 1690 Marfico
1532 1644 1626 1690 bel-

346 1715 395 1761 lo
413 1751 427 1773 ,
448 1716 657 1780 languida
677 1716 914 1763 auilorstas
934 1727 1113 1779 patrum
1143 1713 1253 1761 faEla
1277 1714 1364 1774 est,
1392 1733 1443 1763 ac
1473 1717 1626 1779 paula-

350 1789 434 1834 tim
464 1789 510 1834 in
536 1788 810 1835 sterilitatem
848 1787 1061 1835 emarcuit
1088 1784 1303 1848 majestas.
1339 1789 1466 1848 Quin
1484 1791 1534 1837 &
1550 1807 1622 1837 ara

347 1872 481 1908 vetus
515 1861 599 1909 fuit
625 1860 794 1908 Veneri
829 1862 1048 1925 Myrteae‚
1082 1876 1215 1923 quam
1249 1875 1372 1908 nunc
1404 1863 1624 1911 Murciam

350 1945 536 1980 vocant.

413 2006 653 2054 XXXVII.
677 2007 795 2054 Cato
814 2005 900 2053 tria
930 2023 1092 2071 genera
1116 2004 1259 2071 myrti
1285 2001 1487 2067 prodidit
1503 2040 1519 2063 ‚
1554 2003 1626 2051 ni-

349 2096 474 2143 gram
492 2115 506 2138 ,
544 2079 774 2127 candidam
794 2117 807 2136 ,
838 2078 1156 2145 conjugulam,
1185 2077 1377 2125 fortaffis
1410 2075 1626 2137 arconiu-

347 2152 432 2216 giis
446 2188 459 2210 ‚
482 2169 538 2198 ex
560 2152 640 2199 illo
660 2153 891 2200 Cluacinae
909 2169 1082 2216 genere.
1113 2153 1246 2198 Nunc
1272 2151 1323 2198 &
1342 2148 1624 2197 alia-distinc-

349 2225 418 2271 tio
436 2261 450 2282 ‚
480 2224 655 2285 safivae,
682 2238 759 2272 aut
785 2225 1018 2273 silvestris:
1049 2227 1098 2273 &
1126 2225 1173 2271 in
1205 2235 1392 2287 utraque
1410 2220 1623 2269 latifoliae.

351 2300 404 2347 In
427 2298 614 2346 filvestri
632 2335 645 2356 ‚
672 2300 854 2361 propria
873 2297 1187 2362 oxymyrsine.
1214 2297 1466 2344 Sativarum
1488 2311 1626 2359 gene-

353 2388 402 2418 ra
442 2372 625 2435 topiarii
667 2371 868 2421 faciunt:
901 2370 1220 2429 Tarentinam,
1260 2368 1376 2416 folio
1417 2367 1623 2414 minuto:

354 2444 625 2505 nostratem,
657 2446 812 2509 patulo
834 2463 844 2492 :
882 2444 1181 2493 hexasticham
1206 2441 1455 2491 denfiffimo
1475 2476 1492 2500 ,
1514 2439 1626 2488 senis
