1653 2797
192 157 282 217 418
448 151 1227 206 C.PL15N‚115ECUND1

191 263 452 313 tantundem
487 259 761 324 hyoscyami
804 275 907 306 cum
947 259 1057 307 lacie
1101 259 1289 307 asinino.
1338 258 1473 308 Multi

192 334 435 385 vomituris
458 333 684 380 acetabula
713 331 805 394 ejus
830 334 879 381 &
901 331 1012 379 folia
1043 332 1155 379 lauri
1183 333 1338 380 decem
1366 333 1472 380 trita

190 411 240 457 in
268 425 379 472 aqua
397 443 414 464 ,
438 407 630 454 bibenda
662 405 779 452 inter
815 423 996 453 coenam
1026 405 1219 453 suadent.
1258 408 1474 471 Strangu-

190 486 308 532 latus
340 482 522 541 vulvae,
558 482 591 531 fi
630 482 925 529 manducetur
964 483 1016 528 &
1050 480 1215 527 linatur
1253 480 1475 540 calidum,

189 557 270 606 vel
294 556 326 603 si
346 556 524 603 bibatur
545 573 647 602 cum
674 556 876 621 castoreo
908 554 956 600 in
988 565 1116 600 aceto
1149 555 1200 601 &
1224 554 1355 601 melle
1371 590 1385 613 ‚
1406 553 1473 600 se-

190 631 279 676 dat.
317 628 570 692 Vertigines
597 645 622 674 a
654 639 787 691 partu
817 644 918 673 cum
951 625 1116 673 semine
1150 627 1395 674 cucumeris
1424 629 1481 674 δε·

190 702 273 749 lini
302 702 398 764 pari
429 700 631 748 mensura
658 700 837 746 ternum
867 699 1114 763 digitorum
1131 734 1146 758 ,
1166 699 1265 747 vini
1284 700 1373 747 albi
1393 700 1483 747 tri--¹

193 774 278 821 bus
310 772 488 837 cyathis
515 770 705 817 discutit.
737 771 1032 834 Tlepolemus
1053 772 1107 817 ad
1130 783 1361 834 quartanas
1383 785 1484 823 ter-c

193 846 262 891 nis
282 844 427 907 digitis
446 842 622 889 seminis
640 842 747 889 anisi
768 845 817 892 ὅ(
842 844 1050 891 foeniculi
1066 844 1165 892 usus
1192 845 1254 892 est
1270 847 1318 893 in
1345 860 1476 894 aceto

193 921 245 966 δέ
275 917 418 963 mellis
451 916 625 981 cyatho
657 933 768 964 uno.
809 917 938 963 Lenit
967 911 1224 966 fiticulares
1259 919 1478 979 morbos,

194 1007 299 1037 cum
328 988 488 1035 amaris
522 987 711 1036 nucibus
743 989 918 1036 illitum.
953 991 1064 1037 Sunt
1095 991 1174 1054 qui
1201 993 1250 1040 &
1278 989 1476 1053 aspidum

195 1061 384 1110 venenis
420 1060 642 1108 adversari
677 1074 883 1109 naturam
927 1062 1021 1123 ejus
1058 1075 1232 1125 putent.
1285 1063 1475 1110 Urinam

195 1136 297 1182 ciet.
331 1134 456 1180 Sitim
476 1134 672 1181 cohibet.
706 1136 931 1182 Venerem
964 1135 1172 1182 stimulat.
1214 1136 1332 1182 Ctun
1359 1135 1475 1182 vino

195 1206 406 1253 sudorem
445 1205 604 1251 leniter
635 1206 825 1268 praestat.
878 1207 1032 1253 Vestes
1069 1223 1252 1270 quoque
1287 1223 1312 1252 a
1344 1206 1477 1253 tineis

197 1278 409 1326 defendit.
451 1279 687 1326 Efficacius
710 1278 879 1342 semper
899 1296 1054 1326 recens
1071 1316 1083 1337 ‚
1104 1282 1153 1328 ὅ(
1173 1297 1265 1343 quo
1293 1279 1476 1343 nigrius.

199 1351 446 1397 Stomacho
466 1363 616 1396 tamen
644 1350 801 1397 inutile
817 1350 877 1396 est
893 1387 906 1409 ,
926 1363 1222 1414 praeterquam
1239 1351 1412 1398 inflato.

247 1425 452 1471 LXXIV.
467 1423 695 1470 Anethum
711 1441 894 1488 quoque
908 1426 1056 1472 rufius
1072 1435 1247 1482 movet,
1260 1426 1308 1472 &
1321 1423 1478 1471 tormi—

200 1514 258 1542 na
271 1494 404 1542 sedat.
427 1497 598 1542 Alvum
613 1497 729 1543 sistit.
746 1497 986 1560 Epiphoris
999 1497 1164 1544 radices
1179 1496 1412 1544 illinuntur
1423 1514 1480 1543 ex

199 1586 320 1633 aqua
338 1570 414 1614 vel
430 1568 557 1614 vino.
576 1569 798 1631 Singultus
819 1571 1000 1616 cohibet
1015 1571 1161 1616 semen
1174 1570 1354 1617 fervens
1370 1607 1383 1629 ,
1405 1571 1479 1617 ol-

202 1642 381 1688 faciunt.
404 1643 605 1687 Sum-tum
621 1658 676 1687 ex
696 1658 828 1704 aqua,
843 1641 959 1687 sedat
979 1643 1227 1688 cruditates.
1244 1643 1372 1688 Cinis
1385 1642 1479 1700 ejus

203 1731 340 1761 uisam
353 1713 399 1758 in
411 1712 611 1758 faucibus
626 1712 770 1760 levat:
785 1712 945 1759 oculos
960 1713 1009 1758 &
1027 1712 1273 1775 genituram
1288 1711 1478 1758 hebetat.

270 1786 461 1832 LXXV.
493 1785 791 1847 Sacopenium
811 1822 824 1843 ‚
855 1785 981 1848 quod
999 1785 1117 1847 apud
1143 1801 1227 1830 nos
1248 1784 1443 1846 gignitur
1460 1817 1476 1841 ,

201 1860 248 1906 in
280 1873 428 1906 totum
457 1857 751 1905 transmarino
786 1859 1014 1904 alienatur.
1047 1856 1160 1903 Illud
1188 1855 1309 1901 enim
1337 1856 1478 1901 Ham-

202 1931 403 1978 moniaci
428 1931 639 1994 lacrymae
660 1931 798 1976 fimile
816 1966 830 1989 ‚
853 1930 1105 1993 sagapenon
1125 1940 1329 1976 vocatur,
1368 1929 1479 1974 Pro-

203 2004 295 2052 dest
327 2004 515 2049 laterum
537 2005 586 2051 ὃς
612 2004 804 2066 pectoris
827 2003 1059 2050 doloribus
1077 2038 1090 2059 ‚
1113 2001 1363 2058 convulsis,
1392 2000 1480 2047 tus-

204 2075 319 2122 sibus
350 2075 536 2122 vetustis
554 2112 567 2132 ,
597 2074 1087 2155 exscreationibusque‚
1120 2073 1479 2136 praecordiorum

206 2147 474 2194 tumoribus.
505 2148 636 2193 Sanat
655 2150 705 2194 ὃς
724 2148 997 2212 vertigines,
1015 2145 1260 2202 tremulos,
1279 2144 1480 2207 opistho-

204 2221 413 2276 tonicos‚
444 2219 607 2276 lienes,
643 2220 845 2279 lumbos,
877 2219 1200 2283 pelfrifflones.
1249 2219 1398 2264 Datur
1431 2219 1480 2266 &

203 2291 363 2338 olfac'tc
358 2292 509 2338 ndum
527 2309 582 2338 ex
605 2304 731 2339 aceto
753 2293 799 2339 in
819 2293 1083 2357 strangulatu
1105 2293 1272 2340 vulvae.
1306 2278 1479 2338 Ceteris

204 2365 255 2411 &
284 2364 415 2426 potui
437 2364 592 2422 datur,
622 2367 670 2411 &
691 2382 793 2411 cum
821 2365 926 2413 oleo
946 2363 1194 2417 infricatur.
1224 2364 1406 2413 Prodest
1428 2366 1478 2412 δε

204 2448 363 2485 contra
391 2437 505 2484 mala
525 2437 859 2487 medicamenta.
