1653 2797
219 209 313 260 304
515 184 856 237 ‘0thth
901 189 1272 236 SECUNDI

216 304 264 350 di
283 339 296 360 ,
323 311 400 347 aut
419 296 529 347 vina
549 297 716 344 effundi
742 297 892 360 priora
910 333 922 353 ,
957 309 1007 344 ut
1025 296 1157 343 dubia
1179 296 1497 359 reciperentur.

217 377 324 422 Hoc
349 385 438 419 tam
474 371 587 433 saepe
618 383 847 433 proventu
876 369 1019 416 nimio
1046 359 1225 426 evenit,
1249 384 1385 432 quam
1421 366 1500 412 sae-

218 447 336 496 vitia
366 443 666 491 insidiantium
691 442 861 489 caritati
893 441 1034 490 civili,
1072 440 1158 488 Sed
1189 440 1307 504 aequi
1342 437 1499 502 patris-

218 520 407 568 familias
435 518 599 565 modus
620 516 681 562 est
701 552 714 574 ,
752 533 934 562 annona
968 515 1181 579 cuiusque
1209 516 1311 561 anni
1346 511 1502 560 utisId

217 609 427 658 peraeque
460 590 594 638 etiam
625 589 978 635 lucrofiffimum.
1000 588 1192 650 Reliqua
1217 587 1270 633 de
1296 585 1416 632 vinis
1434 583 1502 630 af-

214 667 348 714 fatim
377 665 489 712 dieta
523 663 637 710 sunt.
674 665 783 709 Item
808 662 1036 709 vindemia
1065 662 1177 709 faEia
1212 661 1381 708 olivam
1414 658 1498 705 effe

212 738 500 804 rapiendam,
534 738 584 783 &
614 753 718 799 quae
748 735 803 781 ad
834 734 984 781 oleum
1021 734 1276 797 pertinent,
1297 747 1498 798 *quaeque

215 816 276 862 ad
295 811 595 875 Vergiliarum
623 808 831 855 occasum
870 806 940 870 agi
968 807 1146 853 debent.

301 885 491 932 LXXV.
522 881 633 937 His,
661 897 761 944 quae
799 879 902 926 sunt
932 879 1199 938 necessaria,
1230 878 1496 941 adjicientur

216 957 274 1003 de
291 957 441 1011 Luna,
475 949 740 1014 ventisque,
760 952 809 997 &
826 948 1072 1012 praesagiis,
1097 961 1149 997 ut
1179 949 1231 996 fit
1258 959 1354 995 tota
1383 947 1497 993 fide—

215 1027 322 1075 ralis
348 1025 464 1072 ratio
489 1022 696 1087 perfecta.
723 1023 928 1085 Namque
949 1021 1164 1086 Virgilius
1185 1021 1317 1068 etiam
1343 1019 1390 1066 in
1410 1036 1498 1066 nu-

216 1116 376 1147 meros
407 1101 546 1146 Lunae
578 1095 817 1160 digerenda
845 1095 1049 1158 quaedam
1081 1096 1288 1158 putavit,
1315 1095 1496 1141 Demo-

218 1173 326 1221 criti
370 1171 546 1219 secutus
582 1169 943 1217 ostentationem.
990 1170 1088 1214 Nos
1123 1168 1269 1232 legum
1299 1167 1496 1224 utilitas,

213 1264 318 1310 quae
344 1246 392 1292 in
419 1255 522 1291 toto
561 1259 725 1306 opere,
754 1241 800 1287 in
828 1240 910 1287 hac
944 1257 1130 1305 quoque
1159 1251 1320 1288 movet
1352 1249 1493 1302 parte.

214 1318 389 1366 Omnia
415 1335 515 1381 quae
538 1315 793 1369 caeduntur,
815 1325 1084 1377 carpuntur,
1115 1312 1401 1369 conduntur,
1425 1311 1495 1356 in-

215 1389 457 1438 nocentius
478 1386 757 1434 decrescente
782 1388 936 1443 Luna,
957 1403 1092 1449 quam
1117 1384 1341 1433 crescente
1365 1381 1495 1428 fiunt.

217 1468 424 1520 Stercus,
452 1460 533 1506 nifi
558 1458 837 1506 decrescente
862 1461 986 1505 Luna
1002 1495 1018 1516 ,
1046 1474 1102 1504 ne
1128 1457 1315 1521 tangito.
1343 1455 1494 1502 Maxi-

215 1553 287 1582 me
310 1532 648 1580 intermenstrua
666 1532 933 1595 dimidiaque
955 1532 1216 1579 stercorato.
1233 1530 1411 1587 Verres,
1426 1527 1494 1589 ju-

215 1623 392 1656 vencos
409 1641 424 1662 ‚
458 1604 638 1661 arietes,
668 1604 861 1660 hoedos,
884 1603 1163 1650 decrescente
1182 1605 1309 1650 Lu’na
1336 1601 1493 1650 castra-

215 1691 282 1726 to.
309 1678 418 1723 Ova
438 1677 566 1721 Luna
591 1690 717 1720 nova
744 1673 1006 1736 supponito.
1035 1675 1226 1721 Scrobes
1247 1676 1369 1719 Luna
1393 1672 1491 1735 ple-

213 1768 273 1797 na
303 1749 441 1795 noctu
458 1747 612 1794 facito.
643 1746 870 1792 Arborum
896 1747 1066 1794 radices
1083 1749 1208 1793 Luna
1227 1745 1358 1809 plena
1376 1761 1491 1808 ope—

211 1823 317 1870 rito.
356 1819 562 1867 Humidis
592 1819 704 1865 locis
728 1818 974 1865 interlunio
999 1818 1163 1877 serito,
1193 1820 1243 1866 ὃ(
1275 1818 1392 1865 circa
1417 1818 1489 1863 in·-

211 1894 459 1943 terlunium
500 1892 754 1957 quatriduo.
795 1892 1014 1939 Ventilari
1047 1907 1232 1955 quoque
1267 1890 1492 1937 frumenta

212 1985 267 2016 ac
290 1966 517 2031 legumina
538 2001 551 2023 ,
584 1966 634 2013 ὅ(
664 1965 800 2011 condi
830 1964 945 2011 circa
965 1975 1211 2009 extremam
1232 1965 1402 2010 Lunam
1417 1962 1490 2026 ju—

212 2040 351 2086 bent:
382 2037 612 2083 seminaria
628 2072 642 2095 ,
679 2053 783 2082 cum
809 2037 935 2081 Luna
960 2034 1088 2097 supra
1112 2046 1276 2081 terram
1307 2035 1384 2094 fit,
1405 2033 1488 2081 fie-

210 2112 283 2159 ri:
323 2109 484 2158 calcari
515 2109 680 2168 musta,
703 2126 803 2156 cum
830 2110 953 2154 Luna
970 2106 1049 2154 sub
1081 2119 1226 2153 terra:
1255 2108 1361 2154 item
1389 2124 1486 2154 ma-
1545 2144 1549 2148 Α

179 2180 341 2230 ’ῑεῑίεε
377 2180 515 2238 caedi,
547 2197 737 2243 quaeque
771 2179 855 2226 alia
886 2179 970 2227 suis
1004 2179 1116 2226 locis
1143 2179 1347 2227 diximus.
1391 2181 1486 2226 Ne—

206 2270 300 2321 que
326 2254 502 2301 falicior
533 2254 594 2300 est
630 2253 918 2311 observatiO,
946 2271 998 2302 ac
1029 2252 1120 2316 jam
1153 2254 1266 2301 diet-a
1295 2273 1320 2301 a
1354 2254 1486 2301 nobis

208 2327 410 2376 secundo
447 2326 712 2374 volumine:
749 2326 822 2372 sed
854 2327 977 2389 quod
1019 2325 1266 2391 intelligere
1298 2328 1374 2375 vel
1404 2345 1484 2374 ru-

212 2402 310 2449 stici
344 2400 536 2464 possint,
570 2399 745 2463 quoties
783 2400 836 2444 ab
859 2398 1096 2445 occidente
1117 2399 1221 2445 Sole
1248 2410 1452 2446 cernetur
1469 2434 1485 2455 ‚

210 2476 528 2540 prioribusque
558 2475 702 2523 nostis
741 2474 866 2522 horis
906 2473 1102 2534 lucebit,
1140 2474 1338 2527 crescens
1375 2473 1484 2533 erit,
