1653 2797
313 180 596 227 NATUR.
630 181 948 228 HISTOR.
982 183 1104 228 LIB.
1143 184 1265 229 XX.
1346 202 1440 247 419

236 285 448 337 LXXVI.
466 288 702 352 Papaveris
719 287 848 334 sativi
861 289 946 335 tria
964 289 1156 337 diximus
1175 307 1334 354 genera
1355 310 1364 338 :
1392 294 1443 339 δέ

164 362 325 425 sponte
347 360 564 407 nascentis
582 361 665 406 alia
684 361 982 423 promisimus.
1013 365 1048 408 E
1068 362 1243 420 sativis,
1267 364 1355 410 albi
1374 382 1442 411 ca—

165 434 250 499 lyx
274 433 366 496 ipse
379 433 568 490 teritur,
595 433 644 479 &
659 449 682 478 e
700 433 815 479 vino
839 433 1010 480 bibitur
1028 434 1172 482 somni
1192 435 1334 482 causa.
1367 437 1443 482 Se-

163 523 268 553 men
286 468 572 568 elephantiasi
600 505 814 551 medetur.
846 508 881 551 E
905 506 1036 570 nigro
1061 524 1283 570 papavere
1304 507 1444 571 topor

164 578 358 643 gignitur
403 576 536 640 scapo
577 576 746 635 inciso,
784 588 834 623 ut
866 577 1088 641 Diagoras
1127 579 1302 637 suadet,
1341 598 1443 627 cum

165 650 405 715 turgescit:
439 663 491 697 ut
518 649 688 707 Jollas,
722 667 826 697 cum
854 650 1131 710 deflorescit,
1164 653 1274 699 hoia
1304 653 1444 700 tereni

164 723 281 781 diei,
314 722 405 769 hoc
435 723 524 778 est,
561 739 664 768 cum
684 738 760 768 ros
787 721 833 767 in
860 738 917 768 eo
943 724 1178 770 exaruerit.
1213 725 1350 771 Incidi
1374 725 1444 781 'yu-

162 795 272 842 bent
292 794 371 842 sub
398 794 542 857 capite
568 795 618 841 &
637 794 806 859 calyce.
829 795 925 842 Nec
946 795 994 841 in
1013 795 1102 842 alio
1122 813 1282 860 genere
1303 798 1445 860 ipsum

163 867 377 915 inciditur
413 879 559 930 caput.
958 883 960 885 ’
1447 862 1450 867 ’

229 941 399 986 Succus
427 941 477 986 δε
511 938 609 997 hic,
639 940 689 985 &
711 938 860 984 herbae
881 937 1185 1003 cujuscunque
1201 976 1214 999 ‚
1236 939 1336 987 lana
1366 959 1446 988 ex-

166 1014 358 1077 cipitur:
392 1024 467 1058 aut
488 1012 519 1058 s1
546 1012 734 1076 exiguus
759 1011 819 1058 est
835 1047 847 1067 ‚
866 1029 1015 1075 ungue
1044 1012 1251 1075 pollicis,
1282 1027 1332 1060 ut
1357 1015 1447 1060 lac·

167 1087 310 1144 tucis,
333 1087 382 1132 &
409 1085 589 1147 postero
623 1084 691 1130 die
713 1085 849 1147 magis
879 1084 1003 1147 quod
1022 1076 1202 1132 inaruit.
1240 1087 1446 1148 Papave-

164 1161 226 1207 ris
260 1176 378 1206 vero
407 1158 550 1221 largus
580 1156 814 1214 densatur,
853 1157 902 1202 ὅ(
936 1157 981 1201 in
1009 1156 1207 1218 pastillos
1240 1156 1369 1203 tritus
1398 1158 1446 1202 in

164 1231 322 1278 umbra
352 1230 562 1286 ficcatur,
595 1245 689 1274 non
717 1228 768 1274 vi
798 1226 1045 1290 soporifera
1077 1229 1218 1274 modo
1240 1266 1255 1285 ,
1287 1246 1448 1277 verum

166 1305 198 1351 fi
220 1303 450 1366 copiosior
466 1301 714 1358 hauriatur,
735 1300 868 1346 etiam
887 1299 1120 1347 mortifera
1138 1317 1217 1363 per
1239 1294 1446 1348 somn'os':

166 1376 313 1439 opion
337 1387 523 1422 vocant.
558 1374 630 1420 Sic
656 1372 816 1419 scimus
841 1373 1124 1420 interemtum
1152 1373 1312 1420 Licinii
1341 1375 1448 1420 Cae-

166 1452 280 1499 cinae
304 1448 508 1496 Praetorii
537 1448 628 1497 viri
655 1459 824 1509 patrem
844 1446 890 1492 in
917 1446 1129 1509 Hispania
1146 1447 1321 1506 Bavili,
1341 1465 1448 1494 cum

165 1522 382 1571 valetudo
407 1519 666 1583 impatibilis
698 1518 856 1566 odium
884 1518 991 1564 vitae
1011 1518 1198 1580 ⁴t'ecifl'et:
1230 1519 1336 1565 item
1354 1521 1448 1582 ple-

167 1594 329 1658 rosque
356 1594 484 1640 alios.
519 1595 624 1652 Qua
648 1592 701 1637 de
733 1590 859 1638 causa
884 1595 1040 1652 magna
1063 1606 1248 1636 concert
1251 1591 1344 1636 atio
1367 1608 1449 1637 ex-

168 1668 289 1715 stitit.
314 1667 537 1729 Diagoras
561 1667 611 1712 &
630 1663 931 1709 Erasistratus
922 1681 968 1708 in
986 1675 1131 1709 totum
1148 1664 1418 1711 damnavere
1433 1701 1448 1722 ‚

165 1752 217 1786 ut
238 1736 558 1794 mortiferum,
584 1734 760 1780 infundi
785 1748 1018 1781 vetantes:
1047 1747 1259 1796 praeterea
1278 1770 1292 1793 ‚
1326 1753 1448 1798 quo-

168 1810 288 1854 niam
323 1808 439 1854 visui
476 1818 675 1853 nocelfflet
723 1804 908 1851 Addidit
942 1807 1169 1863 Andreas,
1211 1807 1314 1854 ideo
1351 1825 1449 1854 non

167 1880 375 1943 protinus
395 1878 611 1925 excaecari
639 1894 695 1923 eo
715 1914 730 1935 ,
763 1878 983 1940 quoniam
1010 1877 1328 1924 adulteraretur
1348 1879 1448 1924 Ale-

168 1952 381 1999 xandriae.
416 1951 502 1997 Sed
535 1949 689 2012 postea
711 1949 807 1996 usus
842 1948 934 2009 ejus
961 1965 1055 1996 non
1084 1947 1362 2012 improbatus
1386 1951 1449 1996 est

168 2026 494 2073 medicamento
527 2023 698 2080 nobili,
730 2022 855 2086 quod
881 2022 1125 2069 diacodion
1153 2034 1338 2071 vocant.
1368 2026 1449 2070 Se·

168 2098 286 2143 mine
315 2111 499 2160 quoque
530 2093 622 2155 ejus
653 2094 760 2140 trito
792 2094 837 2139 in
869 2093 1094 2156 pastillos,
1127 2110 1150 2140 e
1171 2094 1278 2141 laete
1307 2109 1446 2142 unm-

166 2181 239 2216 tur
269 2169 322 2216 ad
353 2169 590 2215 somnum:
625 2166 731 2212 item
760 2167 813 2212 ad
847 2167 1001 2229 capitis
1030 2167 1211 2213 dolores
1245 2185 1346 2215 cum
1375 2187 1446 2215 ro-

167 2241 323 2289 saceo:
353 2259 455 2289 cum
477 2242 567 2286 hoc
602 2242 651 2286 &
680 2240 854 2286 aurium
883 2240 1035 2286 dolori
1069 2240 1318 2288 instillauu·.
1357 2245 1446 2288 Po-

169 2314 312 2377 dagris
349 2314 537 2359 illinitur
576 2330 679 2360 cum
712 2313 820 2358 hrcle
856 2313 1104 2359 mulierum.
1139 2314 1210 2359 Sic
1241 2315 1289 2360 ὃ(
1322 2313 1446 2361 foliis

168 2386 269 2448 ipsis
299 2398 501 2433 utuntur.
537 2389 645 2433 ltem
672 2386 724 2432 ad
753 2385 898 2432 sacros
932 2386 1054 2449 ignes
1086 2388 1135 2432 &
1168 2386 1356 2432 vulnera
1388 2397 1444 2432 cx

170 2472 312 2508 aceto.
342 2463 436 2524 Ego
455 2472 602 2507 tamen
624 2459 932 2508 damnaverim
954 2458 1159 2522 collyriis
1182 2458 1304 2505 addi:
1331 2460 1445 2504 mul-

1048 2532 1094 2577 D
1113 2531 1139 2577 d
1162 2548 1184 2576 2
