1653 2797
264 184 542 238 NATUR.
580 180 879 234 HISTOR.
907 184 1035 232 LIB.
1071 181 1192 231 XX.
1292 191 1382 248 '413

113 305 189 342 tur
214 305 410 357 'utraque
446 303 605 341 contra
638 291 860 355 serpentes
895 309 952 339 ex
990 292 1106 340 vino
1136 292 1212 339 vel
1244 305 1391 341 aceto.

115 365 292 414 Pulices
320 365 453 412 etiam
477 363 683 411 contritae
707 381 810 412 cum
835 381 950 429 aqua
979 364 1132 428 sparsae
1151 377 1327 413 necant.

182 441 325 486 LXV.
367 436 520 495 Sativa
550 452 735 500 quoque
769 436 872 483 suos
908 437 1010 484 usus
1038 438 1182 484 habet.
1227 440 1396 485 Succus

117 510 213 574 ejus
244 527 348 558 cum
369 507 558 556 rosaceo
579 508 795 556 auriculas
819 507 961 570 juvat.
996 509 1089 572 Ipsa
1118 510 1173 556 ad
1191 510 1303 557 iaus
1326 510 1398 557 bi-

120 584 256 631 bitur.
288 581 355 627 Fit
375 596 431 627 ex
461 597 513 626 ea
536 592 779 639 montana,
800 579 998 645 serpyllo
1028 581 1207 640 similis,
1238 582 1399 630 efficax

124 665 287 702 contra
305 651 541 716 serpentes
564 653 752 700 Urinam
772 665 931 700 movet
946 669 960 711 ζ
981 665 1140 717 purgat
1157 655 1209 701 ὅ(
1228 671 1251 700 a
1269 666 1401 717 partu

121 728 345 775 mulieres,
384 728 751 775 Concoffionem
781 728 893 774 mire
923 727 1105 791 adjuvat
1125 764 1138 786 ,
1159 729 1209 775 δέ
1242 729 1297 775 ad
1334 729 1401 775 ci-

124 801 208 848 bos
239 801 502 848 aviditatem
537 813 724 866 utraque
744 838 759 860 ,
795 801 871 848 vel
906 800 953 846 in
987 801 1207 847 ‘cruditate
1239 800 1402 863 jejunis

124 877 173 923 -in
208 876 399 940 potione
428 875 608 938 aspersa.
644 876 825 922 Luxatis
848 892 1032 939 quoque
1061 875 1193 922 utilis.
1228 877 1405 922 Contra

128 947 367 1010 vesparum
394 949 444 994 &
477 947 636 993 similes
655 947 763 993 istus
783 983 797 1005 ,
819 963 875 993 ex
902 946 1044 992 farina
1076 947 1326 995 hordeacea
1355 951 1407 996 &

128 1019 263 1084 posca
286 1055 300 1077 ‚
331 1019 567 1065 utiliffima.
606 1019 886 1066 Libanotidis
918 1019 1004 1066 alia
1029 1036 1190 1083 genera
1221 1019 1306 1068 suis
1336 1021 1407 1068 di—

132 1108 291 1140 centur
314 1092 442 1140 lociS.

196 1165 354 1211 LXVI.
393 1163 626 1226 Piper-itis,
659 1179 792 1227 quam
817 1163 867 1210 &
897 1162 1190 1226 siliquastrum
1215 1166 1410 1230 appeila-

133 1240 284 1288 vimus
306 1275 320 1298 ‚
353 1254 513 1286 contra
540 1239 727 1285 morbos
749 1238 996 1286 comitiales
1029 1238 1211 1288 bibitur.
1248 1240 1410 1289 Castor

134 1316 184 1361 &
228 1314 356 1361 aliter
400 1315 762 1374 demonstrabat,
796 1314 920 1362 caule
959 1315 1097 1362 rubro
1134 1318 1184 1364 &
1230 1316 1374 1381 longo
1399 1353 1414 1376 ,

135 1388 277 1434 denfis
309 1388 524 1451 geniculis
542 1426 556 1448 ,
587 1388 708 1435 foliis
739 1388 883 1446 lauri,
908 1386 1070 1436 semine
1097 1388 1228 1448 albo,
1252 1390 1414 1448 tenui,

136 1464 260 1528 gustu
281 1465 470 1528 piperis,
498 1465 653 1512 utilem
675 1463 870 1529 gingivis
884 1499 898 1523 ,
929 1462 1139 1510 dentibus
1157 1499 1171 1522 ,
1193 1462 1286 1511 oris
1317 1464 1417 1511 sua-

139 1537 298 1595 vitati,
325 1540 373 1585 δέ
403 1537 615 1584 ruffibus.

206 1613 388 1660 LXVII.
406 1612 660 1676 Origanum
681 1609 805 1674 quod
825 1609 872 1655 in
893 1607 1050 1671 sapore
1069 1607 1263 1655 cunilam
1284 1625 1421 1655 aemu-

139 1683 290 1742 latur,
322 1696 372 1729 ut
404 1683 630 1741 diximus,
654 1682 783 1745 plura
818 1697 974 1744 genera
1005 1680 1050 1725 in
1087 1679 1309 1726 medicina
1340 1680 1423 1727 ha·-

140 1757 246 1804 bet:
283 1756 431 1803 onitin
473 1756 551 1802 vel
588 1755 767 1818 prasion
801 1753 1025 1816 appellant
1047 1787 1060 1810 ,
1090 1769 1185 1799 non
1218 1753 1423 1800 diffimile

142 1830 358 1894 hyffopo.
395 1829 615 1876 Privatim
645 1828 738 1891 ejus
767 1827 868 1874 usus
905 1836 1064 1872 contra
1100 1825 1302 1872 rosiones
1331 1826 1424 1873 sto-

144 1902 291 1950 machi
320 1902 366 1947 in
385 1901 534 1964 tepida
554 1918 667 1964 aqua
687 1937 701 1957 ,
723 1901 772 1946 &
800 1910 958 1945 contra
979 1898 1213 1944 cruditates
1237 1915 1247 1943 ε
1267 1908 1426 1944 contra

146 1993 334 2024 araneos
359 1973 706 2038 scorpionesque
737 1974 784 2019 in
814 1972 929 2019 Vino
960 1971 1090 2017 albo:
1109 1971 1261 2017 luxata
1280 1971 1330 2017 δε
1351 1971 1424 2018 in-

150 2050 265 2098 cussa
293 2050 338 2095 in
367 2060 526 2106 aceto,
557 2049 605 2094 &
625 2046 730 2092 oleo
751 2081 765 2104 ‚
798 2046 848 2092 &
876 2044 990 2090 lana.

213 2125 411 2171 LXVIII.
446 2120 812 2184 Tragoriganum
834 2117 1013 2165 similius
1041 2114 1103 2162 est
1135 2115 1333 2181 serpyllo
1354 2118 1427 2163 sil-

153 2196 301 2245 vestri.
333 2196 521 2243 Urinam
552 2196 638 2242 ciet
657 2230 670 2251 ,
694 2206 892 2240 tumores
926 2189 1103 2236 discutit
1121 2226 1134 2249 ‚
1162 2204 1322 2237 contra
1356 2190 1429 2237 vi-

154 2267 275 2315 scum
291 2280 450 2331 potum
470 2304 484 2325 ‚
504 2269 763 2331 viperaeque
788 2266 922 2312 istum
940 2263 1285 2312 efficacissimum
1305 2300 1319 2320 ,
1343 2264 1432 2310 sto-

154 2341 408 2404 machoque
425 2341 550 2386 acida
572 2338 761 2387 rufianti
778 2375 791 2396 ‚
816 2339 867 2385 &
883 2337 1158 2400 praecordiis,
1186 2336 1432 2388 Tuffienti-

156 2414 238 2462 bus
253 2430 434 2477 quoque
453 2431 555 2463 cum
575 2412 705 2465 melle
725 2413 873 2472 datur,
890 2412 939 2459 &
957 2410 1199 2473 pleuriticis
1214 2447 1227 2471 ‚
1249 2412 1299 2458 &
1313 2412 1433 2475 peri-

160 2486 485 2553 pneumonicis.
