1653 2797
190 148 277 194 116
451 145 506 190 C.
558 142 818 188 PLINII
870 141 1240 189 SECUNDI

183 267 331 302 totam
351 251 589 309 refossam,
620 249 693 297 sed
719 251 969 314 abruptam.
993 249 1192 297 Maxima
1222 249 1365 313 spatio
1397 261 1466 299 at—

182 344 274 392 que
300 324 580 390 plenitudine
605 326 655 372 &
686 323 787 372 citri
817 324 893 371 est.
923 323 995 370 Ab
1022 340 1074 369 ea
1097 322 1295 386 platani,
1323 324 1467 371 robo-

182 401 244 448 ris
264 435 278 459 ,
305 400 355 445 ὃ(
386 396 744 462 glandiferarum.
772 397 1069 457 Quarundam
1102 396 1230 443 radix
1253 396 1465 444 vivacior

182 471 447 536 superficie,
485 481 537 517 ut
573 469 702 516 lauri.
738 470 891 532 Itaque
930 487 1035 517 cum
1072 481 1238 516 trunco
1273 468 1467 528 inaruit,

185 544 322 592 recisa
346 544 479 590 etiam
505 542 648 590 laetius
677 542 869 590 fruticat.
907 542 1106 602 Quidam
1142 541 1364 588 brevitate
1394 559 1467 589 ra—

188 617 338 663 dicum
354 614 543 662 celerius
558 612 779 660 senescere
800 613 981 659 arbores
1001 624 1185 675 putant:
1208 614 1333 677 quod
1351 630 1472 660 coar-

187 702 329 755 guunt
359 688 459 746 fici,
495 705 688 752 quarum
716 688 886 734 radices
921 687 1212 750 longissimae,
1245 687 1469 735 &senec-

187 777 258 810 tus
296 762 507 809 ociffima.
537 761 709 808 Falsum
738 761 934 807 arbitror
963 763 1012 808 &
1039 762 1163 824 quod
1192 761 1330 824 aliqui
1357 778 1471 824 pro-

186 835 361 892 didere,
379 834 549 880 radices
580 833 791 879 arborum
817 833 1042 879 vetustate
1069 832 1227 880 minui.
1253 832 1356 879 Visa
1376 846 1471 880 ete-

188 910 283 956 nim
315 909 377 953 est
415 905 584 953 annosa
619 923 810 970 quercus
849 908 1003 954 eversa
1031 906 1081 955 vi
1102 905 1475 970 tempestatis,&

189 985 392 1048 jugerum
427 981 511 1027 soli
537 981 753 1044 amplexa.

256 1058 335 1102 LV
338 1057 388 1101 ΙΙ.
416 1054 658 1100 prostratas
690 1053 864 1099 restitui
890 1053 1180 1117 plerumque,
1211 1055 1263 1101 &
1283 1054 1478 1117 quadam

190 1142 322 1176 terrae
359 1126 567 1174 cicatrice
603 1124 865 1184 vivescere,
904 1126 1091 1189 vulgare
1126 1125 1199 1173 est.
1247 1129 1303 1174 Et
1341 1127 1476 1174 sami-

191 1200 468 1248 liariffimum
490 1199 582 1245 hoc
606 1198 793 1261 platanis
809 1234 822 1257 ,
843 1208 943 1262 quae
967 1198 1209 1261 plurimum
1232 1212 1480 1247 ventorum

196 1272 464 1335 concipiunt
501 1283 688 1334 propter
723 1270 980 1317 densitatem
1014 1287 1275 1317 ramorum:
1314 1271 1479 1335 quibus

195 1345 431 1408 amputatis
448 1380 462 1402 ,
491 1343 649 1391 levatae
671 1359 810 1389 onere
830 1342 878 1388 in
904 1341 975 1389 sua
996 1341 1155 1390 scrobe
1178 1356 1479 1407 reponuntur.

194 1420 462 1480 Paestumque
496 1416 585 1478 jam
613 1416 675 1462 est
702 1416 794 1463 hoc
831 1415 879 1461 in
906 1414 1217 1479 iuglandibus,
1248 1416 1482 1481 oleisque,

197 1509 250 1538 ac
275 1488 426 1536 multis
458 1488 568 1534 aliis.
603 1487 676 1533 Est
700 1486 746 1532 in
777 1488 993 1550 exemplis
1011 1524 1023 1546 ,
1051 1490 1101 1536 &
1129 1488 1219 1535 fine
1244 1488 1481 1551 tempesta-

197 1577 242 1610 te
259 1599 272 1621 ,
294 1561 446 1608 ullave
470 1558 596 1606 causa
626 1559 711 1605 alia
733 1576 869 1623 quam
889 1560 1114 1624 prodigii,
1146 1559 1348 1608 cecidisse
1363 1560 1483 1608 mul-

201 1650 267 1684 tas
292 1653 344 1682 ac
369 1633 445 1681 sua
470 1632 628 1696 sponte
659 1632 956 1679 resurrexisse.
1000 1633 1179 1679 Faffitm
1203 1633 1293 1680 hoc
1321 1634 1481 1696 populi

202 1707 399 1756 Romani
426 1705 682 1766 Quiritibus
715 1704 939 1752 ostentum
958 1705 1199 1752 Cimbricis
1230 1705 1357 1752 bellis
1381 1707 1482 1752 Nu-

203 1781 335 1830 ceriae
365 1781 412 1825 in
442 1780 548 1825 luco
575 1778 790 1837 Junonis,
821 1778 978 1838 ulmo,
995 1779 1238 1859 postquam
1257 1779 1388 1826 etiam
1408 1797 1486 1827 ca-

205 1870 368 1902 cumen
400 1861 677 1913 amputatum
705 1863 828 1909 erat,
861 1850 1081 1930 quoniam
1117 1850 1163 1896 in
1200 1868 1320 1898 aram
1346 1850 1486 1914 ipsam

203 1923 560 1991 procumbebat,
579 1921 778 1969 restituta
797 1887 990 1987 s’ponte,
1013 1922 1075 1969 ita
1098 1934 1148 1969 ut
1169 1923 1377 1986 protinus
1400 1923 1486 1970 flo-

204 2010 351 2045 reret:
383 2014 408 2043 a
441 2012 537 2059 quo
573 1994 732 2041 deinde
767 2006 972 2058 tempore
998 1994 1196 2058 majestas
1216 1995 1376 2059 populi
1392 1997 1488 2045 Ro-

205 2070 330 2119 mani
353 2068 593 2115 resurrexit
613 2105 628 2127 ,
655 2086 756 2132 quae
782 2081 885 2116 ante
905 2069 1074 2117 vastata
1100 2069 1299 2117 cladibus
1328 2068 1488 2117 fuerat.

208 2145 491 2190 Memoratur
523 2141 615 2187 hoc
644 2141 762 2186 idem
797 2140 963 2188 fa6tum
1000 2141 1047 2187 in
1079 2141 1293 2204 Philippis
1313 2177 1328 2200 ,
1357 2141 1488 2189 salice

210 2213 432 2278 procidua
455 2225 586 2274 atque
620 2212 909 2259 detruncata:
948 2215 998 2259 &
1031 2213 1209 2276 Stagiris
1248 2214 1295 2259 in
1330 2212 1488 2259 Museo

213 2284 388 2350 populo
410 2283 508 2330 alba
526 2302 535 2329 :
559 2284 711 2330 omnia
730 2283 859 2331 fausti
881 2284 1060 2331 ominis.
1091 2285 1176 2331 Sed
1192 2285 1388 2333 maxime
1405 2284 1490 2331 mi·

211 2377 309 2406 rum
326 2395 340 2417 ,
365 2357 597 2404 *Antandri
624 2357 827 2419 platanus
856 2357 987 2403 etiam
1017 2358 1349 2405 circumdolatis
1381 2357 1489 2403 late-

213 2432 337 2478 ribus
373 2429 578 2478 restibilis
607 2429 766 2493 sponte
796 2429 933 2490 salita,
960 2431 1161 2495 vitaeque
1192 2430 1362 2480 reddita
1384 2430 1491 2478 lon-
