1653 2797
273 184 1274 242 NATUR,H1sT0R,L1B.Xv1‚
1347 190 1430 251 123

152 300 281 347 vium
302 297 595 348 commissuris
616 325 630 355 3
665 294 929 342 ferruminat
956 308 1104 345 textus
1123 333 1138 357 ,
1169 297 1344 362 glutino
1367 307 1442 345 te*

150 372 310 421 nacior
330 407 344 429 ,
373 368 582 431 rimisque
617 366 853 430 explendis
890 366 1067 414 fidelior
1101 370 1215 431 pice.

214 445 357 491 LXV.
389 440 584 489 Calamis
604 438 807 486 Orientis
828 438 989 502 populi
1011 440 1127 487 bella
1153 442 1404 490 conficiunt
1422 462 1439 490 :

149 515 326 564 calamis
374 512 541 577 spicula
576 511 746 559 addunt
781 511 1076 559 irrevocabili
1108 513 1244 560 hamo
1280 515 1436 562 noxia}

149 590 349 635 Mortem
387 586 639 633 accelerant
672 585 811 648 pinna
845 585 992 632 addita
1030 585 1225 634 calamis,
1275 588 1435 651 Fitque

147 666 199 710 ὃς
223 680 280 708 ex
317 661 414 726 ipso
444 662 583 708 telum
619 660 740 706 aliud
773 659 914 706 fra&o
963 659 1010 705 in
1044 659 1322 707 vulneribus.
1353 662 1437 707 His

147 735 281 782 armis
306 735 459 781 Solem
489 733 631 797 ipfilm
662 733 950 780 obumbrant.
980 734 1173 797 Propter
1212 735 1303 781 hoc
1340 752 1437 781 Ina-2

147 808 268 855 xime
318 807 497 854 serenos
536 807 631 854 dies
669 819 863 870 optant:
905 807 1042 854 odere
1069 819 1236 855 ventos
1269 810 1320 856 &
1349 808 1437 855 im—

146 880 248 927 bres
263 917 278 937 ,
307 881 383 943 qui
411 881 528 926 inter
557 880 661 926 illos
685 897 842 942 pacem
862 879 946 927 effe
967 892 1153 943 cogunt.
1189 883 1255 928 Ac
1280 880 1312 926 fi
1334 881 1438 944 quis

145 953 413 1016 AEffliopas,
446 955 699 1017 AEgyptum
717 990 731 1011 ‚
762 953 932 999 Arabas
953 989 967 1011 ,
1005 953 1142 1000 Indos
1159 989 1173 1012 ,
1208 955 1404 1020 Scythas
1421 992 1440 1014 ,

147 1026 330 1072 BaEfios
349 1062 362 1084 ‚
396 1027 696 1072 Sarmatarum
727 1038 798 1074 tot
824 1038 977 1090 gentes
1008 1027 1059 1074 &
1088 1026 1315 1086 Orientis,
1339 1045 1441 1075 om-

147 1097 310 1161 niaque
358 1098 631 1145 Parthorum
676 1116 816 1163 regna
847 1098 1132 1163 diligentius
1175 1113 1437 1163 computet,

147 1190 277 1236 aequa
306 1171 445 1219 ferme
470 1190 571 1236 pars
597 1173 834 1220 hominum
860 1173 907 1219 in
933 1185 1038 1220 toto
1060 1175 1234 1221 mundo
1259 1176 1439 1223 calamis

146 1245 350 1308 ‘superata
374 1244 507 1308 degit.
546 1245 802 1308 Praecipuus
830 1244 906 1292 hic
935 1245 1036 1293 usus
1063 1246 1111 1293 in
1135 1249 1270 1294 Creta
1296 1248 1438 1295 bella-

149 1332 273 1366 tores
298 1317 402 1365 suos
428 1317 745 1381 praecipitavit.
762 1318 849 1364 Sed
867 1317 914 1363 in
934 1318 1025 1365 hoc
1054 1336 1259 1383 quoque,
1282 1333 1332 1366 ut
1362 1338 1438 1367 ce-

148 1391 255 1439 teris
279 1390 326 1437 in
355 1390 516 1448 rebus,
544 1389 660 1438 vicit
690 1389 814 1436 Italia
838 1407 849 1435 :
885 1390 1068 1452 quando
1091 1392 1241 1438 nullus
1271 1391 1439 1456 sagittis

147 1466 297 1529 aptior
323 1465 519 1518 calamus
538 1502 555 1523 ‚
585 1481 721 1528 quam
737 1464 784 1509 in
804 1463 968 1510 Rheno
983 1465 1260 1512 Bononiensi
1281 1483 1439 1525 amne,

147 1539 221 1585 cui
254 1541 304 1586 &
344 1538 537 1601 plurima
575 1537 686 1584 inest
722 1536 951 1596 medulla,
990 1538 1259 1603 pondusque
1297 1540 1437 1587 volu-

142 1630 250 1659 ·cre:
284 1615 334 1661 &
351 1624 511 1660 contra
528 1612 658 1659 flatus
687 1628 871 1676 quoque
892 1613 1113 1675 pervicax
1132 1613 1260 1661 libra.
1284 1614 1437 1677 Quip—

145 1702 202 1749 pe
235 1702 332 1732 non
370 1686 524 1733 eadem
551 1684 709 1748 gratia
757 1684 959 1749 Belgicis.
1021 1686 1134 1733 Haec
1163 1688 1213 1734 δέ
1247 1689 1441 1735 Creticis

146 1753 645 1807 commendatioribus:
676 1776 940 1824 quanquam
974 1759 1272 1822 praeferantur
1303 1762 1439 1820 Indi,

142 1850 344 1896 >quorum
380 1834 465 1880 alia
497 1832 760 1898 quibusdam
796 1832 979 1879 videtur
1029 1845 1187 1881 natura
1207 1871 1221 1892 ‚
1252 1836 1440 1898 quando

148 1908 201 1953 &
224 1906 444 1952 hastarum
473 1907 623 1959 vicem
648 1907 850 1970 praebent
883 1905 1041 1954 additis
1075 1907 1346 1972 cuspidibus.
1376 1910 1438 1955 A-

149 1979 334 2026 rundini
365 1980 545 2044 quidem
575 1981 739 2028 Indicae
774 1981 965 2027 arborea
998 1982 1250 2045 amplitudo
1275 2002 1286 2029 :
1326 2001 1441 2047 qua-

151 2055 215 2101 les
245 2054 386 2118 vulgo
424 2055 472 2100 in
501 2055 678 2118 templis
712 2055 929 2102 videmus.
979 2055 1178 2104 Differre
1211 2075 1351 2104 mares
1384 2076 1437 2105 ac

150 2126 337 2173 feminas
365 2127 411 2172 in
439 2126 507 2172 his
543 2143 729 2190 quoque
755 2127 855 2173 Indi
887 2127 1084 2176 tradunt.
1133 2130 1315 2193 Spissius
1342 2148 1438 2176 ma-

149 2199 189 2246 ri
211 2215 399 2262 corpus,
421 2198 600 2246 femina,²
626 2200 847 2262 capacius.
879 2201 924 2247 N
927 2201 1278 2267 avigiorumque
1302 2203 1435 2249 etiam

149 2274 301 2321 vicem
340 2274 548 2336 praestant
570 2274 635 2336 (fi
671 2274 928 2340 credimus)
963 2276 1136 2342 singula
1168 2276 1437 2324 internodia.

147 2345 290 2392 Circa
327 2347 559 2394 Acesmem
589 2358 766 2394 amnem
791 2348 987 2395 maxime
1018 2348 1273 2397 nascuntur.

230 2421 423 2467 Arundo
455 2421 603 2468 omnis
639 2439 695 2469 ex
719 2440 810 2469 una
841 2422 974 2487 stirpe
1007 2422 1275 2480 numerosa,
1305 2433 1436 2486 atque

143 2491 284 2541 etiam
312 2493 449 2542 recisa
473 2493 733 2543 foecundius
761 2495 964 2561 resurgit.
997 2497 1144 2543 Radix
1173 2507 1332 2544 natura
1359 2496 1436 2544 viv-
