1653 2797
264 153 545 204 NATUR.
580 153 881 203 HISTOR.
918 156 1043 202 LIB.
1078 157 1224 213 XIX.
1319 168 1392 217 33‘

132 272 256 310 catur
284 264 409 312 culix
442 263 626 310 nomine
643 299 656 320 ‚
684 264 817 320 trita,
850 263 997 309 semen
1027 281 1185 311 eorum
1210 280 1414 312 macera-2

129 346 228 382 tum
257 335 347 390 seri,
365 335 574 397 jubeant,
606 345 659 380 ut
683 332 775 380 fine
806 333 970 380 semine
1002 336 1253 383 nascantur.

194 409 365 454 XXIV.
402 405 566 451 Similis
598 406 648 451 δέ
682 403 924 451 cucurbitis
954 414 1146 465 natura,
1181 409 1415 454 dumtaxat

128 480 174 526 in
194 480 431 527 nascendo.
462 480 603 541 AEque
623 477 816 524 hiemem
833 477 982 525 odere.
1014 481 1180 526 Amant
1207 482 1333 544 rigua
1361 498 1416 527 ae

129 554 298 602 fimum.
332 554 548 600 Seruntur
583 551 718 599 ambo
754 550 919 597 semine
957 551 1006 597 in
1038 564 1155 599 terra
1187 553 1413 618 sesquipe-

131 627 220 674 dali
245 626 414 673 fossura
434 661 448 684 ,
477 625 594 671 inter
630 623 947 687 aequinoctium
980 640 1176 671 vernum
1196 660 1210 682 ‚
1242 627 1291 672 &
1322 625 1416 671 sol-

129 699 293 746 stitium
317 718 328 746 z
360 698 579 745 Parilibus
605 707 755 743 tamen
790 695 1021 759 aptiffime.
1059 696 1215 760 Aliqui
1241 698 1416 744 malunt

129 788 187 818 ex
212 770 429 818 Kalendis
451 768 606 816 Martii
638 768 917 825 cucurbitas,
949 770 999 816 δε
1019 769 1167 815 Nonis
1199 787 1414 816 cucume-

129 861 200 891 res
219 880 232 902 ‚
263 846 313 891 ὅ(
335 860 416 906 per
436 843 752 904 Quinquatrus
777 839 918 886 serere
938 875 951 897 ‚
985 838 1114 885 fimili
1136 841 1278 887 modo
1310 859 1416 904 rep-

129 916 326 964 tantibus
346 914 531 978 flagellis
551 913 808 960 scandentes
834 911 1055 974 parietum
1079 911 1230 974 aspera
1256 912 1302 958 in
1322 924 1418 960 tec-

131 1002 229 1035 tum
248 987 383 1051 usque
397 1023 411 1044 ‚
432 998 591 1033 natura
610 984 890 1032 sublimitatis
910 984 1057 1031 avida.
1083 984 1212 1032 Vires
1230 985 1321 1032 fine
1338 986 1417 1032 ad-

128 1060 351 1108 miniculo
385 1058 527 1105 standi
555 1074 651 1104 non
679 1055 810 1115 sunt,
843 1056 1064 1104 velocitas
1100 1057 1290 1119 pernix,
1321 1057 1416 1107 levi

129 1134 286 1181 umbra
306 1149 500 1180 cameras
527 1149 578 1178 ac
603 1130 808 1194 pergulas
829 1129 1052 1193 operiens.
1084 1130 1188 1176 Inde
1206 1131 1302 1178 haec
1323 1131 1417 1178 duo

129 1208 275 1271 prima
312 1222 502 1270 genera:
540 1204 877 1251 Camerarium:
914 1204 964 1250 &
998 1202 1225 1266 plebejum
1245 1240 1258 1262 ,
1286 1205 1415 1267 quod

99 1304 116 1342 3·
129 1281 256 1328 humi
285 1278 413 1342 repit.
447 1281 496 1324 In
523 1278 675 1340 priore
704 1277 818 1323 mire
849 1275 973 1322 tenui
993 1275 1205 1338 pediculo
1229 1276 1416 1323 libratur

128 1354 307 1419 pondus
344 1351 578 1398 immobile
611 1368 740 1397 aurae.
779 1349 1026 1396 Cucurbita
1064 1366 1251 1413 quoque
1286 1350 1419 1397 omni

128 1427 272 1477 modo
307 1424 535 1488 fastigatur
554 1460 568 1482 ,
605 1424 780 1487 vaginis
810 1422 1004 1468 maxime
1023 1423 1261 1480 vitilibus,
1296 1440 1414 1470 con-

127 1500 241 1562 jefflt
261 1498 309 1543 in
335 1513 407 1544 eas
430 1496 668 1559 postquam
689 1494 926 1541 defloruit:
948 1493 1194 1557 crescitque
1218 1511 1307 1557 qua
1334 1512 1416 1542 co*
1464 1545 1469 1551 ,,

127 1573 247 1636 gitur
275 1569 423 1619 forma
441 1605 455 1628 ,
482 1569 750 1632 plerumque
767 1570 818 1615 ὃς
834 1567 1042 1614 draconiS
1066 1566 1225 1614 intorti
1258 1567 1412 1631 figura„

126 1643 350 1690 Libertate
382 1659 497 1689 vero
531 1641 688 1705 pensili
722 1640 958 1697 concessa,
984 1639 1073 1701 jam
1098 1639 1195 1687 Visa
1226 1641 1288 1688 est
1321 1659 1412 1689 no·-

128 1734 234 1764 vem
254 1716 421 1780 pedum
438 1714 749 1779 longitudinis.
781 1713 1087 1761 particulatim
1105 1715 1306 1761 cucumis
1324 1716 1412 1762 slo-

129 1803 222 1848 ret,
242 1790 322 1836 fibi
341 1788 431 1851 ipse
458 1787 852 1851 superflorescens:
875 1788 924 1835 &
953 1786 1161 1833 ficciores
1180 1786 1310 1834 locos
1331 1806 1413 1851 pa·

129 1863 272 1919 titur,
302 1860 489 1907 candida
521 1859 729 1922 lanugine
762 1859 1010 1917 obduffim,
1048 1857 1273 1922 magisque
1305 1877 1415 1912 cum

129 1934 300 1983 crescit.

195 2003 541 2057 Cucurbitarum
564 2003 847 2050 munerofior
865 2003 981 2050 usus.
1006 2006 1061 2050 Et
1084 2003 1254 2066 primus
1276 2004 1412 2051 caulis

129 2080 178 2127 in
197 2079 317 2127 cibo.
355 2080 502 2141 Atque
521 2094 576 2124 ex
593 2093 650 2124 eo
670 2077 718 2122 in
737 2089 885 2123 totum
907 2089 1066 2124 natura
1088 2076 1275 2124 diversa.
1314 2078 1415 2122 Nu-

129 2168 209 2215 per
238 2151 287 2197 in
327 2149 603 2196 balinearum
639 2148 762 2195 usum
796 2165 962 2195 venere
1002 2165 1244 2196 urceorum
1274 2148 1412 2206 vice,

128 2224 392 2289 jampridem
421 2241 535 2271 vero
567 2223 701 2269 etiam
734 2223 949 2270 cadorum
982 2223 1037 2269 ad
1063 2223 1170 2270 vina
1198 2222 1410 2269 ‘conden-

129 2299 199 2344 cla.
231 2297 404 2342 Cortex
424 2296 562 2343 viridi
590 2310 747 2342 tener:
777 2296 1001 2342 deraditur
1029 2295 1327 2342 nihilominus
1362 2294 1411 2340 in

131 2369 255 2418 cibis.
294 2368 437 2415 Cibos
470 2367 657 2415 salubres
678 2386 728 2415 ac
755 2369 875 2415 lenes
909 2368 1110 2431 pluribus
1137 2366 1285 2412 modis
1310 2366 1413 2417 exi-‚

129 2442 339 2497 stimant,
369 2439 447 2503 qui
476 2439 632 2502 perfici
661 2442 860 2488 humano
896 2453 1058 2487 ventre
1090 2455 1186 2485 non
1219 2450 1410 2503 queant,

197 2519 240 2564 C.
265 2518 381 2564 Plin.
403 2520 500 2565 Vol.
528 2517 613 2563 III,
863 2517 889 2540 ἢ
1118 2513 1160 2559 Y
