1653 2797
276 141 1271 193 NA¹TUR.H15TOR.L1B.X1V.
1380 164 1434 211 19

132 248 302 297 „rosum
320 254 509 313 acetum.
542 247 678 309 Caius
705 248 876 308 Caesar,
899 252 976 314 qui
1007 252 1208 300 succeffit
1236 253 1326 312 illi,
1349 271 1441 313 τιο·Α

146 322 286 370 bilem
314 330 519 386 vappam.
570 322 759 368 Certant
793 324 973 370 Maffica
1004 343 1162 387 aeque,
1190 344 1244 373 ex
1276 341 1433 375 monte

150 397 308 443 Gauro
340 393 556 440 Puteolos
586 393 796 458 Baiasque
829 395 1170 458 prospeclantia.
1207 400 1322 446 Nam
1354 404 1434 447 Fae

148 465 278 513 lerno
298 466 580 513 contermina
596 467 774 513 Statana
788 467 843 512 ad
859 468 1134 530 principatus
1152 487 1316 518 venere
1336 489 1435 518 non

149 540 306 587 dubie:
337 540 571 603 palamque
600 538 745 587 fecere
775 539 848 587 sua
881 541 1132 605 quibusque
1161 545 1289 591 terris
1318 557 1433 592 tem-

143 629 259 676 pora
281 613 388 670 effe,
410 613 519 659 ficut
538 629 685 659 rerum
710 626 962 676 proventus
987 615 1272 680 occasusque.
1298 618 1432 665 Junc-

145 696 191 732 ta
221 684 288 732 his
317 686 524 748 praeponi
557 684 761 733 solebant
789 687 986 734 Calena:
1010 690 1058 735 &
1085 705 1183 751 quae
1213 689 1260 734 in
1284 690 1433 737 vineis

143 758 414 822 arbustisque
453 758 724 818 nascuntur,
768 761 990 808 Fundana.
1034 762 1135 808 Alia
1171 779 1228 808 ex
1262 763 1432 811 vicinia

145 830 283 878 Urbis
309 831 612 890 Veliternina,
641 833 1019 897 Privernatiaque.
1054 836 1169 880 Nam
1190 835 1315 899 quod
1339 836 1431 899 Sig-

146 904 233 951 niae
268 904 490 963 nascitur,
526 906 777 952 austeritate
821 907 958 953 nimia
997 907 1283 955 continendae
1320 908 1432 956 urile

146 980 280 1039 alvo,
312 981 430 1027 inter
460 981 754 1028 medicamina
785 993 1056 1029 numeratur.

209 1070 254 1112 4.
275 1055 502 1114 Quartum
530 1048 800 1101 curri'culum
824 1054 1015 1116 publicis
1035 1054 1175 1117 epulis
1193 1055 1432 1104 obtinuere

140 1143 169 1172 a
191 1126 325 1174 Divo
352 1126 468 1173 Julio
488 1125 558 1190 (is
587 1126 705 1172 enim
728 1127 896 1188 primus
923 1127 1236 1173 aii&oritatem
1257 1129 1323 1174 his
1350 1130 1431 1176 tri·

143 1199 268 1257 huit,
290 1211 339 1245 ut
365 1199 411 1245 in
436 1197 633 1261 epistolis
663 1197 756 1260 ejus
784 1197 997 1261 apparet)
1019 1201 1314 1258 Mamertina,
1343 1203 1429 1248 cir-

144 1288 195 1318 ca
224 1272 466 1318 Meffanam
501 1271 548 1316 in
568 1271 715 1318 Sicilia
733 1271 895 1334 genita.
929 1274 997 1317 Ex
1027 1272 1079 1317 iis
1098 1273 1338 1331 Potulana,
1375 1276 1430 1322 ab

144 1347 325 1394 auclore
367 1345 479 1391 diua
499 1380 513 1403 ,
552 1344 599 1390 in
632 1343 741 1392 loco
770 1344 985 1407 proximo
1020 1345 1156 1391 Italiae
1193 1345 1430 1395 laudantur

141 1417 381 1480 praecipue.
419 1414 492 1462 Est
528 1415 576 1461 in
618 1417 771 1462 eadem
806 1416 956 1463 Sicilia
996 1418 1046 1464 δ(
1085 1418 1429 1466 Taurominita-

139 1490 211 1537 nis
240 1489 392 1536 honos
406 1524 419 1548 ‚
441 1488 605 1552 lagenis
625 1505 711 1552 pro
740 1489 1014 1536 Mamertino
1036 1489 1302 1554 plerumque
1328 1490 1426 1537 sub-

142 1564 263 1612 ditis.
998 1606 1003 1611 ,
1411 1603 1414 1610 ,

231 1654 269 1705 5.
313 1640 383 1686 Ex
415 1636 601 1703 reliquis
632 1647 783 1683 autem
814 1652 839 1682 a
876 1631 1039 1698 supero
1071 1635 1183 1682 mari
1213 1636 1427 1685 Praetutia

132 1725 276 1778 -atque
296 1715 488 1760 Ancone
509 1710 733 1758 nascentia
747 1746 760 1768 ‚
781 1712 831 1757 δε
850 1727 947 1773 quae
971 1726 995 1755 a
1025 1709 1169 1772 palma
1189 1726 1278 1756 una
1304 1709 1427 1757 forte

140 1801 270 1836 enata
287 1785 529 1833 Palmenfia
554 1783 850 1847 appellavere.
882 1786 930 1829 11'1
956 1782 1282 1830 mediterraneo
1305 1801 1421 1832 vero

143 1859 388 1906 Caesenatia
405 1876 455 1907 ac
472 1858 811 1905 Maecenatiana.
835 1858 886 1902 ln
905 1855 1157 1903 Veronensi
1176 1856 1283 1903 item
1301 1857 1424 1903 Rhae=

140 1931 261 1990 tica,
294 1930 487 1977 Falernis
520 1942 693 1976 tantum
724 1927 976 1992 posthabita
1004 1944 1028 1973 a
1059 1927 1270 1991 Virgilio.
1306 1930 1423 1975 Mox

140 2005 197 2052 ab
230 2004 391 2051 intimo
425 2004 522 2050 finu
546 2004 708 2061 maris,
736 2001 945 2048 Adriana.
993 2000 1066 2047 Ab
1096 2000 1244 2047 infero
1274 2014 1423 2049 autem

141 2077 430 2136 Latinienfia‚
450 2076 726 2124 Graviscana
743 2111 756 2133 ‚
778 2073 1084 2120 Statonienfia.
1116 2074 1306 2120 Etruriae
1324 2075 1424 2137 pal·-

137 2169 258 2200 mam
278 2154 398 2199 Luna
417 2152 549 2198 habet
563 2187 576 2210 ‚
595 2150 787 2215 Liguriae
805 2150 980 2195 Genua.
1013 2148 1132 2194 Inter
1150 2147 1422 2212 Pyrenaeum

139 2225 362 2289 Alpesque
388 2225 574 2272 Maffilia
602 2223 781 2288 gemino
802 2221 985 2285 sapore,
1012 2220 1194 2285 quando
1227 2222 1275 2268 δε
1306 2238 1421 2268 con·-

139 2299 312 2346 diendis
344 2296 440 2345 aliis
471 2297 676 2361 pinguius
710 2295 878 2359 gignit,
907 2294 1033 2358 quod
1056 2305 1230 2341 vocant
1259 2293 1419 2340 succo-³

138 2372 249 2421 sum.
286 2373 577 2418 Baeterrarum
602 2371 718 2417 intra
743 2367 910 2415 Gallias
941 2365 1141 2414 consistit
1168 2365 1418 2413 aufioritas.

67 2441 70 2443 ⁵
132 2447 216 2498 De
250 2444 433 2511 reliquis
464 2444 511 2491 in
543 2440 826 2507 Narbonensi
854 2440 1012 2505 genitis
1046 2438 1289 2485 asseverare
1324 2454 1420 2487 non

1062 2511 1092 2555 Β
1128 2525 1155 2557 2.
