1653 2797
171 182 188 212 ε
240 175 330 223 286
513 170 1284 220 C.PLINIISECUND1

236 301 315 330 mo
340 282 466 328 sexto
482 279 645 326 Attica:
666 297 677 325 :
708 293 783 324 XV
801 277 964 325 Caesari
981 314 995 336 ‚
1031 279 1342 344 continuoque
1361 279 1513 327 triduo

236 355 467 420 fignificat.
513 353 700 417 Affyriae
742 366 890 399 autem
925 367 1000 399 XII
1036 353 1275 401 Kalendas.
1313 355 1418 402 Hoc
1453 353 1515 401 est

237 429 379 492 vulgo
399 426 666 490 appellatum
688 425 801 472 fidus
815 426 1096 485 Parilicium,
1116 427 1333 491 quoniam
1352 423 1408 473 xi
1421 427 1512 474 Ka-

234 502 385 549 lendas
401 500 510 563 Maji
530 500 653 547 urbis
678 501 837 546 Romae
855 500 1012 547 natalis
1027 537 1041 558 ,
1068 516 1161 564 quo
1192 500 1286 547 fere
1306 499 1514 547 serenitas

233 575 461 631 redditur,
483 572 727 621 claritatem
748 571 1058 624 observationi
1081 572 1226 619 dedit:
1254 572 1516 619 nimborum

233 660 497 713 argumento
518 647 702 711 Hyadas
723 644 1051 708 appellantibus
1071 646 1242 693 Graecis
1263 647 1341 692 has
1360 645 1516 693 stellas.

237 721 381 782 Quod
402 718 544 766 nostri
562 736 586 765 a
604 716 888 764 similitudine
909 717 1194 780 cognominis
1207 720 1360 766 Graeci
1377 735 1514 782 prop-

233 808 303 841 ter
321 794 414 840 sues
434 791 691 855 impolitum
709 789 970 836 arbitrantes
982 826 996 848 ‚
1025 790 1246 853 imperitia
1265 791 1514 854 appellave-

234 884 283 913 re
308 865 503 912 Suculas.
535 861 700 909 Caesari
724 878 763 909 a.
783 861 824 907 d.
843 876 940 907 VIII
959 861 1185 908 Kalendas
1202 875 1388 909 notatur
1404 863 1512 910 dies.

237 953 314 985 VII
334 936 557 984 Kalendas
576 936 780 998 AEgypto
797 934 939 980 Hoedi
955 935 1247 982 exoriuntur:
1270 951 1326 982 V1
1345 935 1512 982 Kalen-

234 1013 309 1058 das
331 1009 517 1056 Boeotiae
534 1010 583 1055 &
602 1007 760 1054 Atticae
776 1007 912 1054 Canis
935 1006 1110 1070 vesperi
1141 1009 1410 1055 occultatur,
1437 1008 1512 1054 Fi-

235 1081 383 1129 dicula
399 1097 527 1127 mane
556 1079 728 1125 oritur:
755 1093 790 1123 V
810 1077 1032 1124 Kalendas
1056 1078 1244 1142 Affyriae
1263 1079 1415 1125 Orion
1433 1090 1511 1126 to—

233 1170 306 1204 tus
323 1154 609 1202 absconditur
621 1189 635 1209 ‚
649 1151 785 1197 tertio
809 1163 955 1197 autem
967 1151 1128 1198 Cani-s:
1151 1167 1207 1198 VI
1226 1153 1384 1198 Nonas
1399 1152 1511 1214 Maji

233 1226 395 1275 Caesari
425 1222 598 1271 Suculae
627 1221 848 1268 matutino
882 1223 1179 1281 exoriuntur,
1199 1225 1251 1271 &
1287 1238 1383 1270 VIII
1410 1224 1510 1271 Idus

231 1299 414 1364 Capella
444 1296 671 1360 pluvialis.
710 1297 912 1358 AEgypto
936 1307 1084 1342 autem
1103 1296 1263 1343 eodem
1286 1297 1357 1343 die
1375 1297 1511 1343 Canis

231 1372 410 1436 vesperi
448 1371 713 1418 occultatur.
748 1369 820 1415 Sic
857 1369 949 1415 fere
981 1370 1028 1415 in
1056 1385 1106 1418 v1
1131 1370 1231 1417 Idus
1256 1369 1395 1432 Maji,
1426 1370 1507 1434 qui

229 1447 291 1493 est
309 1444 611 1508 Vergiliarum
630 1454 812 1488 exortus
828 1477 842 1499 ‚
868 1442 1110 1488 decurrunt
1131 1442 1282 1488 sidera.

297 1535 338 1563 2.
360 1520 408 1563 In
427 1516 515 1562 hoc
532 1514 748 1576 temporis
778 1513 1021 1561 intervallo
1039 1551 1053 1573 ,
1075 1529 1147 1560 XV
1169 1515 1321 1561 diebus
1350 1513 1506 1577 primis

229 1587 438 1653 agricolae
462 1586 674 1647 rapienda
700 1585 798 1631 sunt
827 1603 876 1631 ea
893 1622 907 1644 ‚
939 1588 1099 1649 quibus
1126 1587 1386 1651 peragendis
1406 1597 1508 1632 ante

228 1659 547 1724 aequinoffium
567 1674 662 1703 non
682 1656 929 1714 suffecerit,
952 1659 1057 1704 dum
1083 1658 1188 1704 sciat
1223 1660 1326 1705 inde
1355 1670 1505 1704 natam

228 1734 628 1798 exprobrationem
651 1731 821 1778 foedam
835 1768 848 1790 ‚
866 1733 1121 1794 putantium
1140 1733 1283 1792 vites,
1303 1750 1383 1796 per
1404 1733 1507 1779 imi-

228 1808 447 1855 tationem
481 1818 634 1852 cantus
663 1804 779 1850 alitis
807 1805 1092 1865 temporarii,
1126 1822 1262 1868 quem
1293 1804 1505 1851 cuculum

229 1892 415 1929 vocant.
465 1880 678 1926 Dedecus
712 1877 831 1922 enim
864 1876 1083 1935 habetur,
1115 1877 1503 1940 opprobriumque

227 1955 467 2011 meritum,
501 1949 659 1998 falcem
696 1951 751 1997 ab
781 1949 856 1996 illa
896 1950 1086 1997 volucre
1128 1950 1174 2001 in
1210 1951 1306 1998 vite
1339 1951 1499 2014 depre-

227 2027 362 2074 hendi
383 2063 397 2083 ,
429 2038 478 2072 ut
506 2026 567 2072 ob
593 2025 638 2072 id
659 2023 914 2088 petulantiae
935 2023 1040 2070 sales
1067 2023 1196 2070 etiam
1222 2041 1324 2071 cum
1350 2025 1500 2087 primo

228 2115 336 2147 vere
358 2098 578 2144 ludantur.
618 2096 830 2159 Auspicio
853 2098 1002 2141 tamen
1040 2095 1312 2142 detestabiles
1342 2096 1500 2142 viden-

228 2185 314 2219 tur.
342 2170 469 2216 Adeo
497 2170 680 2215 minima
698 2184 886 2232 quaeque
912 2168 959 2213 in
984 2184 1090 2231 agro
1114 2167 1385 2214 naturalibus
1411 2171 1500 2214 tra-

228 2245 399 2291 huntur
435 2241 718 2304 argumentis.
751 2243 965 2287 Extremo
1006 2254 1152 2286 autem
1181 2240 1270 2286 hoc
1296 2253 1499 2302 tempore

229 2315 380 2381 panici
407 2314 606 2377 miliique
631 2313 742 2360 satio
773 2313 846 2360 est.
883 2313 1048 2361 Justum
1079 2312 1140 2359 est
1171 2314 1260 2360 hoc
1287 2313 1368 2360 seri
1400 2329 1497 2359 ma·-

228 2400 378 2435 turato
423 2385 612 2432 hordeo.
655 2387 803 2447 Atque
845 2385 976 2431 etiam
1013 2385 1059 2430 in
1094 2386 1253 2431 eodem
1288 2401 1401 2433 arvo
1435 2384 1496 2431 est

230 2462 403 2525 signum
439 2459 556 2507 illius
592 2457 865 2519 maturitati,
899 2460 948 2506 &
976 2458 1142 2505 horum
1170 2457 1328 2506 sationi
1366 2472 1494 2506 com-
