1653 2797
162 228 163 232 ’
239 246 506 295 NATUR.
543 243 833 293 HisToR.
871 245 1001 291 ΜΒ.
1036 245 1244 291 xviii.
1334 259 1428 308 247

145 351 352 401 Homero
379 354 505 400 dieia.
540 354 649 398 Haec‘:
681 350 800 397 enim
828 350 914 409 est,
948 369 1084 415 quam
1118 351 1300 417 olyram
1332 368 1427 399 vo-

145 440 230 476 cat.
267 430 430 475 Eadem
449 428 496 473 in
518 427 720 490 AEgypto
748 423 913 482 facilis,
950 424 1207 488 ferulisque.
1230 428 1313 472 Far
1335 425 1428 473 fine

146 501 274 548 arista
303 501 390 547 est:
421 499 528 545 item
562 498 690 562 filigo
710 533 725 556 ,
750 507 938 560 excepta
965 513 1067 560 quae
1091 498 1313 545 Laconica
1346 515 1428 561 ap-

144 574 351 638 pellatur.
385 570 675 633 Adjiciuntur
709 569 776 616 his
818 585 978 633 genera
998 604 1012 626 ,
1048 568 1264 627 bromos,
1296 568 1435 632 filigo·

144 657 333 709 excepta
350 680 365 704 ,
398 646 447 694 &
469 655 619 708 tragos
635 679 649 702 ‚
682 655 867 690 externa
891 641 1045 690 omnia
1064 641 1120 688 ab
1144 641 1333 688 Oriente
1358 642 1431 687 in-

146 718 298 776 vasta,
317 734 474 782 oryzae
492 716 661 763 fimilia.
695 715 842 779 Tiphe
871 717 921 763 &
948 714 1040 778 ipsa
1059 714 1251 776 ejuidem
1274 715 1336 760 est
1350 727 1436 778 goe-1

142 791 293 848 neris,
311 806 367 837 ex
390 807 477 854 qua
498 789 549 836 fit
573 789 620 836 in
641 789 798 837 nostro
824 789 935 836 orbe
960 805 1118 853 oryza.
1143 788 1276 851 Apud
1296 790 1432 835 Grae-

147 881 228 912 cos
256 855 318 911 est
344 881 431 912 zea.
468 864 766 928 Traduntque
785 880 884 910 eam
920 880 971 910 ac
1001 862 1156 925 tiphen
1174 898 1189 921 ,
1221 880 1324 910 cum
1344 863 1432 910 fint

146 937 386 1001 degeneres
402 972 416 996 ,
444 937 588 984 redire
606 938 662 984 ad
688 936 988 996 frumentum,
1005 935 1037 982 fi
1063 935 1187 999 pistae
1207 935 1433 984 serantur:

149 1028 233 1060 nec
259 1003 469 1074 protinus
488 1047 502 1070 ‚
522 1010 595 1057 sed
617 1010 752 1057 tertio
773 1027 910 1057 anno.
1348 1046 1352 1051 .

212 1084 342 1130 XXI.
372 1083 553 1130 Tritico
592 1082 707 1129 nihil
740 1082 802 1130 est
833 1082 1054 1131 fertilius:
1085 1085 1175 1132 hoc
1203 1083 1244 1131 ei
1275 1097 1436 1133 natura

148 1155 333 1215 tribuit,
352 1156 570 1221 quoniam
598 1173 660 1203 eo
688 1155 883 1204 maxime
914 1157 1058 1204 alebat
1082 1158 1339 1205 hominem:
1363 1170 1436 1206 ut·

148 1241 259 1292 pote
289 1246 391 1275 cum
423 1245 447 1275 e
479 1229 668 1288 modio,
688 1229 721 1274 si
750 1228 803 1275 fit
827 1240 982 1292 aptum
1016 1230 1187 1288 solum,
1217 1230 1352 1293 quale
1384 1229 1437 1278 in.

150 1301 352 1366 Byzacio
374 1300 540 1348 Africae
564 1317 751 1365 campo,
771 1302 950 1348 centeni
967 1302 1271 1367 quinquageni
1290 1302 1439 1351 modii

150 1375 406 1424 reddantur.
430 1375 550 1423 Misit
578 1393 636 1423 ex
665 1391 723 1422 eo
752 1375 861 1423 loco
883 1376 1018 1424 Divo
1038 1376 1240 1440 Augusto
1264 1393 1438 1439 procu-

150 1460 278 1495 rator
297 1447 393 1511 ejus
412 1465 468 1495 ex
491 1466 586 1496 uno
612 1466 753 1513 grano
771 1448 888 1510 (vix
910 1449 1124 1497 credibile
1150 1448 1304 1513 diua)
1325 1466 1440 1513 qua-

149 1520 353 1585 draginta
374 1521 528 1584 paucis
548 1521 699 1568 minus
719 1521 946 1585 germina,
964 1522 1227 1585 exstantque
1245 1521 1299 1568 de
1318 1539 1369 1569 ea
1387 1539 1440 1570 re

150 1592 365 1657 epistolae.
392 1593 515 1639 Mifit
543 1595 595 1641 &
615 1593 795 1641 Neroni
825 1594 1027 1642 fimiliter
1058 1608 1230 1643 CCCLX
1256 1596 1442 1660 stipulas

152 1684 210 1712 ex
237 1683 335 1713 uno
366 1684 520 1731 grano.
553 1670 673 1717 Cum
700 1670 945 1717 centesimo
977 1670 1158 1736 quidem
1180 1671 1231 1718 δε
1248 1672 1445 1718 Leonti-v

153 1738 202 1785 ni
220 1737 386 1785 Siciliae
414 1741 562 1804 campi
595 1740 794 1790 fundunt
807 1779 821 1802 ‚
850 1743 1015 1806 aliique
1029 1779 1044 1802 ‚
1065 1745 1115 1791 &
1133 1754 1231 1790 tota
1250 1745 1444 1805 Baetica,

154 1813 205 1859 &
232 1811 279 1857 in
304 1811 461 1875 primis
492 1815 734 1879 AEgyptus‚
765 1817 1045 1864 Fertiliffima
1078 1817 1217 1864 tritici
1243 1834 1406 1881 genera
1422 1855 1443 1877 ‚

154 1884 380 1933 ramosum
399 1923 414 1946 ,
443 1900 520 1935 aut
549 1889 679 1952 quod
711 1889 1038 1954 centigranium
1057 1903 1245 1938 vocant.
1271 1894 1457 1939 iuven--¹

158 1970 228 2008 tus
257 1959 319 2006 est
346 1959 437 2022 jam
469 1963 521 2009 &
553 1962 709 2027 scapus
743 1981 863 2011 unus
894 1976 1077 2011 centum
1101 1963 1215 2012 fabis
1242 1965 1448 2014 onustus.v

222 2033 368 2080 XXII.
398 2033 575 2082 AEstiva
601 2034 826 2083 frumenta
857 2035 1080 2095 diximus,
1100 2035 1338 2097 sesamam,
1355 2039 1447 2086 mi-

159 2104 300 2162 lium,
329 2106 556 2168 panicum.
586 2107 758 2156 Sesama
789 2108 844 2155 ab
874 2107 995 2155 Indis
1029 2109 1187 2157 venit:
1224 2127 1285 2157 ex
1319 2127 1372 2158 ea
1393 2112 1448 2159 8<

161 2176 317 2223 oleum
347 2176 550 2226 faciunt:
581 2179 714 2228 color
747 2179 842 2243 ejus
877 2180 1114 2229 candidus²
1155 2183 1274 2230 Huic
1305 2182 1449 2232 s‘mffie

160 2248 224 2295 est
252 2249 300 2294 in
335 2249 435 2296 Afia
468 2251 741 2316 Graeciaque
776 2253 1057 2320 eryfimunu
1089 2254 1299 2320 idemque
1326 2269 1452 2318 erat3

161 2322 243 2369 nisi
264 2321 477 2387 pinguius
496 2325 624 2373 effet:
653 2326 779 2391 quod
796 2327 914 2391 apud
931 2344 1023 2376 nos.
1039 2341 1215 2377 voca-nt
1231 2330 1449 2379 irionem:

161 2395 530 2444 medicaminibus
563 2400 948 2448 annumerandum
974 2402 1127 2465 potius
1145 2439 1162 2462 ,
1190 2420 1327 2467 quam
1354 2403 1453 2451 stu·-

164 2470 309 2533 gibus.
358 2469 565 2532 Ejusdem
599 2484 769 2520 naturae
807 2476 859 2522 δε
890 2474 1182 2534 horminum,
1217 2493 1245 2523 a
1276 2477 1452 2525 Graecis

159 2543 355 2605 dissum,
381 2544 456 2592 sed
493 2545 685 2610 cymino
714 2545 883 2609 simile,
919 2546 1078 2598 seritur
1119 2565 1224 2596 cum
1268 2548 1454 2598 sesama:

1087 2615 1203 2680 Q4
