1653 2797
250 151 318 197 44
506 139 853 186 (LPLINJI
902 140 1280 189 ssscuNm

249 262 361 291 ram.
391 246 495 291 Sine
527 246 666 292 dubio
700 247 788 294 &'
777 265 824 293 1n
856 247 908 294 iis
931 248 996 294 sol
1000 267 1076 295 um
1096 249 1319 308 maxime,
1352 250 1535 299 caelum·

250 333 340 380 que
360 316 509 364 refert.
545 320 866 375 Verumtamen
888 323 938 368 δε
967 322 1236 381 tondentur,
1261 339 1364 369 cum
1381 325 1432 371 &
1457 324 1537 371 vi-

251 401 351 435 tes:
388 403 521 453 atque
551 390 684 439 etiam
718 391 931 439 interradi
955 393 1160 456 gaudent.

319 462 611 526 Consequens
638 480 790 521 earum
810 465 1038 511 vindemia
1058 465 1143 523 est,
1161 465 1316 531 arsque
1336 463 1414 511 vel
1438 479 1537 510 ma-

251 534 326 597 jor
342 571 356 593 ,
379 536 469 582 olei
498 536 640 584 musta
663 539 954 600 temperandi.
993 541 1061 585 Ex
1082 539 1235 585 eadem
1256 538 1421 602 quippe
1445 536 1536 583 oli·-

254 626 315 654 va
338 609 550 656 differunt
573 609 703 659 succi.
729 612 927 658 Primum
949 612 1153 659 omnium
1172 629 1196 659 e
1219 612 1354 659 cruda
1370 648 1384 670 7
1403 621 1537 674 atque

253 683 462 729 nondum
478 683 705 731 inchoatae
722 685 986 731 maturitatis
1004 703 1014 731 τ
1039 685 1130 732 hoc
1149 685 1305 748 sapore
1323 684 1537 748 praestan-

254 753 481 801 tiflimum.
516 757 643 815 Quin
674 759 723 804 &
755 773 811 802 ex
845 773 900 802 eo
927 758 1071 819 prima
1099 758 1217 803 unda
1244 757 1357 820 preli
1384 757 1538 803 lauda-

253 828 415 874 tiffima
429 865 442 887 ‚
464 846 515 875 ac
539 829 697 875 deinde
716 846 797 892 per
823 830 1170 877 diminutiones:
1200 830 1292 877 five
1308 866 1323 888 ‚
1349 829 1433 894 (ut
1452 847 1539 875 nu-

256 921 336 967 per
367 905 605 951 inventum
630 903 756 968 est‚)
784 903 975 950 exilibus
1013 905 1178 969 regulis
1206 905 1319 968 pede
1350 903 1542 951 incluso.

258 980 447 1038 Quanto
480 977 700 1024 maturior
743 978 881 1025 bacca
901 1015 913 1037 ‚
951 991 1080 1025 tanto
1112 980 1324 1043 pinguior
1353 979 1544 1042 succus,

258 1050 489 1114 minusque
524 1062 686 1114 gratus.
739 1052 926 1114 Optima
965 1064 1112 1099 autem
1151 1065 1256 1100 aetas
1288 1054 1344 1100 ad
1386 1054 1542 1101 decer-

257 1124 454 1185 pendum
475 1160 489 1182 ‚
525 1124 641 1170 inter
679 1124 859 1186 copiam
896 1125 1265 1189 bonitatemque,
1299 1126 1545 1190 incipiente

258 1196 396 1243 bacca
435 1196 694 1260 nigrescere.
755 1196 908 1243 Nostri
951 1209 1125 1244 vocant
1164 1197 1355 1260 drupas,
1391 1199 1546 1246 Graeci

257 1286 376 1316 vero
405 1270 632 1334 drypetas.
663 1271 831 1316 Cetero
865 1270 992 1317 distat
1012 1307 1026 1329 ‚
1055 1288 1111 1317 an
1141 1269 1368 1316 maturitas
1397 1269 1472 1316 illa
1494 1271 1543 1317 in

258 1344 561 1391 torcularibus
587 1342 695 1401 fiat,
720 1360 776 1388 an
803 1343 958 1390 ramis:
985 1344 1112 1407 rigua
1141 1343 1274 1389 fuerit
1300 1343 1436 1389 arbor
1450 1357 1469 1401 ,“
1485 1359 1544 1389 an

259 1415 341 1462 suo
372 1427 545 1462 tantum
577 1416 713 1462 bacca
738 1413 875 1461 succo
891 1451 905 1474 ,
926 1415 1126 1478 nihilque
1156 1414 1276 1460 aliud
1301 1431 1435 1478 quam
1460 1430 1543 1460 ro-

256 1506 327 1536 res
359 1489 456 1536 caeli
483 1488 661 1536 biberit.

322 1565 394 1609 111.
444 1561 646 1608 Vetustas
674 1561 779 1607 oleo
821 1560 1005 1607 taedium
1037 1560 1192 1619 affert,
1227 1567 1324 1608 ndn
1355 1561 1461 1607 item
1493 1572 1545 1608 ut

260 1637 375 1683 vino
400 1655 412 1682 τ
437 1636 769 1700 plurimumque
799 1634 939 1681 aetatis
968 1652 1119 1681 annuo
1150 1635 1211 1681 est
1227 1671 1240 1693 ‚
1263 1635 1459 1698 provida
1478 1635 1544 1700 (fi

259 1711 397 1758 libeat
426 1709 704 1774 intelligere)
725 1722 913 1756 natura:
945 1710 1111 1774 quippe
1140 1709 1411 1756 temulentiae
1442 1708 1542 1756 nas-

261 1784 463 1831 centibus
486 1784 608 1830 vinis
630 1783 697 1829 uti
722 1783 894 1829 neceffe
923 1800 1019 1829 non
1044 1783 1131 1830 est:
1162 1783 1271 1846 quin
1301 1783 1441 1829 immo
1469 1783 1543 1829 in·-

263 1857 378 1903 vitat
401 1857 457 1902 ad
485 1855 751 1903 servandum
779 1853 941 1903 blanda
971 1855 1211 1903 inveterati
1237 1855 1406 1902 caries:
1435 1855 1547 1902 oleo

221 1964 225 1967 -
263 1931 413 1976 noluit
436 1930 584 1992 parci,
604 1930 798 1993 fecitque
824 1947 874 1976 ea
899 1930 1148 1983 necestitate
1167 1927 1472 1992 promiscuum
1492 1930 1544 1976 &

260 2006 419 2068 vulgo.
459 2006 763 2067 Principatum
787 2005 833 2051 in
861 2006 950 2052 hoc
979 2022 1160 2069 quoque
1188 2004 1316 2051 bono
1345 2002 1545 2050 obtinuit

262 2076 386 2123 Italia
420 2088 523 2122 toto
561 2077 671 2123 orbe
695 2113 707 2135 ,
735 2078 928 2124 maxime
963 2094 1069 2142 agro
1101 2075 1395 2132 Venafrano,
1427 2074 1544 2136 ejus-

261 2165 351 2211 que
380 2160 506 2211 parte
531 2166 631 2212 quae
657 2150 940 2197 Licinianum
971 2150 1116 2197 fundit
1146 2148 1325 2195 oleum:
1357 2146 1477 2193 unde
1494 2149 1545 2194 &

264 2220 448 2266 Liciniae
471 2220 613 2284 gloria
633 2221 859 2284 praecipua
877 2222 1028 2268 olivae.
1050 2223 1290 2284 Unguenta
1311 2219 1425 2266 hanc
1444 2218 1542 2282 pal-

264 2310 383 2339 mam
422 2294 579 2339 dedere
596 2329 610 2351 ‚
632 2294 978 2355 accommodato
1009 2293 1109 2356 ipsis
1135 2293 1292 2338 odore.
1326 2291 1468 2339 Dedit
1492 2292 1544 2338 ὃς

265 2363 494 2424 palatum,
526 2364 785 2411 delicatiore
817 2365 1044 2411 sententia.
1091 2366 1165 2411 De
1200 2376 1352 2412 cetero
1384 2363 1545 2409 baccas

264 2436 448 2485 Liciniae
478 2438 599 2487 nulla
628 2439 727 2488 avis
754 2440 939 2503 appetit.
966 2439 1206 2503 Reliquiun
1227 2449 1450 2487 certamen
1467 2436 1545 2491 inf
