1653 2797
243 189 332 247 184
498 186 843 234 optauit
892 182 1268 249 SECUNDI

306 312 347 357 3.
376 295 519 352 Olea,
537 294 614 339 ubi
652 311 842 359 quercus
866 294 1014 341 effoffa
1046 295 1125 354 fit,
1157 295 1272 342 male
1300 296 1512 359 ponitur:

243 367 460 432 quoniam
491 383 690 424 vermes,
713 367 790 431 qui
822 384 967 414 raucae
1002 379 1259 427 vocantur,
1288 368 1334 414 in
1367 370 1516 417 radice

239 456 430 502 quercus
447 437 710 506 nascuntur,
736 440 784 484 &
800 438 1038 485 transeunt„
1066 441 1175 486 Non
1195 440 1428 488 inhumare
1447 453 1517 489 ta-

242 512 360 571 leas,.
376 524 450 559 aut
469 512 630 559 ficcare
650 511 772 574 prius
795 529 927 575 quam
956 511 1154 560 serantur
1167 550 1181 572 ,
1212 514 1366 561 utilius
1385 532 1517 562 com-

242 596 431 648 pertum.
465 586 607 630 Vetus
625 583 847 630 olivetum
865 584 920 630 ab
937 584 1210 647 aequinoffio
1233 604 1381 634 verno
1403 587 1521 635 intra

243 660 543 723 Vergiliarum
561 670 768 705 exortum
786 657 995 724 interradi
1011 657 1190 705 alternis
1204 660 1347 718 annis,
1359 661 1520 708 melius

243 732 505 779 inventum:
525 731 628 777 item
643 729 843 776 muscum
863 729 1141 775 circumdare
1157 732 1304 778 radici.
1322 733 1519 781 Circum-

245 804 343 851 fodi
365 817 514 851 autem
535 802 742 848 omnibus
769 801 896 853 annis
917 819 941 847 a
958 801 1148 848 solstitio
1179 804 1313 851 duum
1335 806 1518 853 cubito-

243 895 342 924 rum
363 876 520 923 scrobe
534 873 679 937 pedali
702 873 958 920 altitudine:
980 874 1211 922 stercorari
1232 877 1367 923 tertio
1382 895 1518 928 anno.

308 966 352 1007 4.
382 949 516 1009 Mago
553 945 669 991 idem
705 944 962 1008 amygdalas
993 946 1047 992 ab
1085 945 1248 992 occasu
1273 948 1448 995 Arffitri
1466 949 1520 996 ad

243 1022 443 1067 brumam
473 1018 555 1064 scri
580 1017 716 1079 jubet.
742 1018 841 1064 Pira
869 1034 965 1064 non
995 1019 1154 1065 eodem
1184 1031 1388 1084 tempore
1416 1037 1537 1068 om-r

242 1093 342 1150 nia,
362 1091 578 1155 quoniam
609 1106 705 1135 non
729 1105 853 1152 aeque
880 1089 1086 1137 floreant.
1107 1091 1269 1138 Eadem
1295 1092 1519 1157 oblonga,

244 1178 320 1212 aut
352 1165 570 1223 rotunda,
605 1164 660 1210 ab
693 1163 852 1210 occasu
882 1165 1185 1229 Vergiliarum
1216 1165 1269 1212 ad
1302 1166 1521 1215 brumam.

244 1238 436 1301 Reliqua
470 1253 630 1300 genera
663 1235 808 1282 media
841 1236 986 1284 hieme
1021 1239 1076 1284 ab
1112 1237 1273 1284 occasu
1307 1237 1518 1300 Sagittae,

241 1310 540 1356 Subsolanum
561 1346 575 1368 ‚
618 1321 692 1355 aut
725 1309 1362 1372 Septemtrionesrspeffimtia.
1398 1312 1519 1356 Lau-

241 1401 344 1430 rum
381 1384 437 1430 ab
458 1382 619 1430 occasu
638 1382 812 1446 Aquilae
842 1382 897 1428 ad
918 1382 1124 1430 occasum
1157 1382 1344 1447 Sagittae.
1386 1384 1518 1431 Con-

241 1474 360 1503 nexa
392 1456 512 1502 enim
539 1457 591 1501 de
613 1468 817 1518 tempore
842 1455 1011 1501 serendi
1035 1473 1158 1519 aeque
1178 1455 1292 1502 ratio
1322 1455 1397 1502 est.
1423 1458 1518 1503 Ve-

239 1546 288 1575 re
318 1531 367 1576 &
386 1540 601 1574 autumno
633 1528 676 1572 id
707 1545 867 1590 magna
899 1544 955 1572 ex
983 1540 1107 1590 parte
1137 1527 1234 1573 fieri
1260 1527 1519 1577 decrevere..

240 1601 315 1649 Est
355 1603 404 1647 &
436 1600 517 1646 alia
556 1600 668 1644 hora
712 1599 827 1645 circa
857 1600 992 1645 Canis
1030 1611 1187 1657 ortus,
1226 1600 1518 1661 paucioribus

239 1685 380 1731 nota,
418 1671 631 1736 quoniam
667 1687 760 1715 non
797 1670 1008 1717 omnibus
1047 1669 1161 1716 locis
1197 1671 1361 1732 pariter
1395 1671 1517 1717 utilis

237 1744 504 1809 intelligitur
523 1761 537 1798 3
559 1742 631 1788 sed
665 1742 785 1788 haud
815 1741 1063 1788 omittenda
1094 1742 1253 1801 nobis,
1281 1759 1377 1788 non
1396 1756 1517 1790 trac-

237 1829 309 1879 tus
340 1816 527 1878 alicujus
552 1815 770 1860 rationem
787 1850 800 1873 ,
838 1831 1000 1861 ver-um
1026 1826 1193 1860 naturae
1224 1815 1365 1861 totius
1386 1815 1515 1861 inda—

237 1889 456 1953 gantibus.
489 1891 539 1935 ln
566 1889 822 1952 Cyrenaica
841 1888 1029 1951 regione
1057 1888 1135 1934 sub
1163 1889 1390 1934 etesiarum
1408 1887 1515 1938 flatu

237 1961 504 2013 conseruntt
534 1976 617 2005 nec
642 1976 736 2004 non
761 1961 809 2006 &
839 1959 884 2004 in
905 1959 1108 2006 Graecia:
1146 1959 1292 2006 oleam
1322 1960 1515 2006 maxime

236 2036 282 2083 in
313 2035 523 2082 Laconia.
552 2033 646 2078 Cos
680 2032 821 2079 insula
856 2035 906 2079 &
937 2033 1054 2079 vites
1090 2046 1197 2080 tunc
1229 2033 1356 2079 serit:
1392 2045 1513 2080 cete-

234 2108 273 2155 ri.
308 2107 424 2169 apud
456 2108 671 2161 Graecos,
703 2105 934 2152 inoculare
959 2105 1224 2152 &inserere
1260 2121 1356 2150 non
1381 2106 1513 2152 dubi-

231 2192 356 2227 tant:
396 2177 469 2224 secl
495 2178 676 2223 arbores
707 2193 801 2222 non
835 2176 999 2223 serunt.
1025 2177 1361 2239 plurimumque
1389 2176 1434 2222 in
1456 2194 1512 2224 eo

234 2256 445 2301 locorum
471 2264 629 2297 natura
664 2252 818 2312 pollet.
853 2252 1058 2314 Namque
1092 2252 1137 2296 in
1156 2252 1360 2315 AEgypto
1386 2250 1512 2296 omni

235 2326 384 2373 serunt
406 2322 604 2379 mense,
647 2324 697 2368 &
732 2323 989 2384 ubicunque
1030 2322 1194 2368 imbres
1235 2322 1379 2369 aestivi
1415 2337 1511 2367 non

235 2398 336 2446 sunt
352 2433 365 2451 ‚
386 2408 435 2442 ut
460 2395 506 2441 in
533 2395 653 2440 India
684 2394 991 2455 &AEthiopia.
1018 2395 1272 2442 Necessario
1293 2394 1392 2459 post
1413 2394 1510 2445 haee

233 2481 451 2520 autumno
478 2467 682 2515 seruntur
711 2467 905 2516 arbore-s.
