1653 2797
242 184 532 232 NATUR2
562 181 874 229 HlsTOR.
913 182 1033 228 Lm.
1061 182 1264 228 va.
1335 195 1421 245 251

151 304 246 338 tum
282 309 391 351 eos,
427 291 504 355 qui
541 289 608 336 far
641 287 870 350 pisehant,
909 289 1181 336 nominatos.
1216 290 1321 337 Nec¹
1343 303 1428 335 co-

152 382 268 430 quos
289 382 403 413 vero
427 362 649 411 habebant
670 361 716 406 in
745 359 934 407 servitiis
948 397 972 420 a.
990 362 1154 425 eosque
1171 379 1227 408 ex
1259 360 1426 409 macel-

153 439 201 484 lo
234 436 563 486 conducebant.
612 433 882 479 Cribrorum
922 451 1082 497 genera
1115 437 1236 482 Galli
1270 454 1293 484 e
1329 437 1431 484 setis

153 527 376 574 equorum
409 509 656 565 invenere,
688 505 872 568 Hispani
906 523 929 552 e
961 506 1057 552 lino
1096 510 1346 557 excufl'oria
1381 511 1432 558 &

156 583 397 648 pollinaria
418 618 432 640 ‚
456 582 680 645 AEgyptus
712 597 735 627 e
762 597 941 645 papyro
971 593 1103 644 atque
1132 580 1288 643 junco.

182 697 184 701 ,
217 658 394 705 ΧΧΙΧ.
434 675 471 703 1.
500 656 585 703 Sed
612 655 729 702 inter
763 656 905 718 prima
939 657 1110 703 dicatur
1131 657 1182 704 δε
1214 658 1338 704 alicae
1365 676 1433 706 ra·

153 731 255 789 tio,
297 729 658 794 praestantiffimae
695 728 1111 794 saluberrimaeque:
1153 747 1252 793 quae
1286 732 1433 794 palma

151 802 329 866 frugum
362 802 610 849 indubitata
641 801 811 848 Italiam
839 802 1077 865 contingit.
1125 802 1193 848 Fit
1225 802 1315 849 sine
1353 803 1433 848 du-

152 875 231 921 bio
266 877 315 922 δε
347 873 395 920 in
429 876 636 938 AEgypto
657 910 670 932 ,
706 873 779 920 sed
811 874 1053 921 admodum
1088 874 1344 937 spernenda.
1382 878 1433 921 In

152 947 278 994 Italia
306 963 421 994 vero
454 946 656 1009 pluribus
677 945 819 1004 locis,
846 947 956 993 ficut
980 947 1226 993 Veronensi
1249 947 1434 994 Pisano-

151 1020 242 1083 que
268 1036 405 1083 agro:
440 1018 487 1065 in
515 1019 759 1081 Campania
790 1030 939 1065 tamen
965 1019 1267 1066 laudatiffima.
1298 1022 1434 1068 Cam-

150 1111 233 1158 pus
255 1094 316 1140 est
340 1093 571 1155 subjacens
603 1095 836 1141 montibus
861 1095 1075 1142 nimbosis
1090 1131 1104 1153 ‚
1123 1095 1230 1141 totis
1250 1095 1432 1159 quidem

107 1193 111 1199 ·
150 1181 221 1213 XL
249 1169 312 1213 M.
345 1166 545 1229 paffuum
581 1167 781 1230 planitie.
822 1168 964 1214 Terra
998 1166 1090 1230 ejus
1121 1166 1194 1232 (ut
1224 1168 1434 1230 protinus

151 1241 235 1287 soli
255 1254 412 1287 natura
443 1239 641 1304 dicatur)
668 1241 884 1303 pulverea
912 1240 1080 1288 summa
1098 1277 1112 1299 ,
1144 1240 1333 1287 inferior
1361 1242 1434 1288 bi-

152 1314 286 1371 bula,
308 1315 358 1361 &
383 1313 572 1376 pumicis
600 1314 704 1364 vice
737 1313 956 1361 fistulosa:
991 1314 1220 1361 montium
1250 1331 1435 1378 quoque

151 1387 285 1450 culpa
313 1386 360 1432 in
399 1387 573 1433 bonum
594 1386 725 1435 cedit.
762 1387 961 1434 Crebros
989 1386 1111 1432 enim
1147 1386 1313 1433 imbres
1330 1404 1435 1450 per-

152 1459 276 1506 colat
304 1470 436 1522 atque
470 1458 727 1505 transmittit
750 1477 760 1505 :
800 1476 884 1505 nec
906 1458 1017 1505 dilui
1048 1470 1124 1506 aut
1142 1459 1319 1505 madere
1345 1475 1437 1505 vo-

152 1531 238 1578 luit
264 1546 451 1595 propter
483 1531 741 1578 facilitatem
774 1531 974 1578 culturae.
1007 1531 1168 1578 Eadem
1202 1544 1436 1594 acceptum

154 1603 391 1649 humorem
421 1602 557 1650 nullis
586 1602 788 1648 fontibus
813 1601 981 1660 reddit,
1004 1602 1077 1648 sed
1101 1613 1320 1665 temperat
1337 1639 1352 1661 ,
1383 1605 1435 1651 δε

153 1690 450 1739 concoquens
486 1673 603 1720 intra
635 1673 676 1720 se
709 1674 813 1721 vice
853 1673 972 1722 succi
1010 1675 1228 1722 continet.
1264 1676 1435 1722 Seritur

152 1759 257 1794 toto
292 1764 438 1806 anno,
457 1746 622 1810 panico
651 1746 814 1804 semel,
847 1746 917 1793 bis
943 1746 1073 1794 farre.
1098 1749 1155 1794 Et
1184 1758 1329 1794 tamen
1349 1765 1434 1794 ve-

153 1839 202 1869 re
221 1821 410 1885 segetes,
433 1838 532 1885 quae
551 1821 908 1885 inrerquievere,
928 1820 1125 1867 fundunt
1149 1820 1298 1867 rosam
1318 1821 1435 1868 odo·

155 1893 369 1941 ratiorem
399 1893 565 1941 sativa:
591 1895 704 1940 adeo
726 1908 842 1940 terra
863 1910 961 1939 non
980 1892 1112 1940 ceffat
1139 1910 1308 1956 parere.
1334 1897 1436 1942 Un-

156 1967 212 2012 de
232 1965 373 2029 vulgo
405 1966 569 2012 dierum
586 2003 599 2025 ‚
622 1967 724 2013 Plus
757 1966 874 2029 apud
904 1967 1164 2029 Campanos
1190 1969 1436 2032 unguenti,

156 2057 291 2104 quam
320 2039 440 2102 apud
458 2051 631 2086 ceteros
652 2039 743 2086 olei
767 2039 878 2086 fieri.
913 2041 1146 2100 Quantum
1166 2052 1314 2088 autem
1335 2042 1436 2088 uni-

156 2110 305 2159 versas
323 2123 460 2160 terras
488 2129 669 2175 campus
688 2114 945 2175 Campanus
975 2114 1196 2160 antecedit
1215 2149 1231 2172 ‚
1262 2126 1437 2162 tantum

135 2183 300 2247 vipsum
331 2201 432 2247 pars
469 2183 595 2245 ejus,
630 2202 732 2248 quae
767 2184 971 2232 Laboriae
1002 2198 1259 2246 vocantur,
1301 2205 1438 2251 quem

157 2260 438 2323 Phlegraeum
454 2259 605 2307 Graeci
622 2258 860 2323 appellant.
885 2262 914 2306 F
918 2259 1122 2306 iniuntur
1141 2260 1344 2307 Laboriae
1360 2263 1438 2308 via

156 2335 212 2381 ab
242 2346 437 2397 utroque
471 2333 606 2380 latere
634 2333 868 2380 Consulari
887 2369 901 2391 ,
931 2350 1031 2398 quae
1060 2350 1085 2379 a
1118 2333 1317 2380 Puteolis
1338 2368 1353 2392 ‚
1386 2335 1438 2382 &

157 2424 259 2472 quae
281 2424 305 2452 a
329 2407 485 2452 Cumis
505 2406 702 2469 Capuam
727 2406 863 2454 ducit.

237 2500 279 2531 2.
313 2482 442 2531 Alica
473 2482 523 2530 fit
550 2500 574 2531 e
607 2500 682 2531 zea
701 2520 716 2544 ,
750 2500 883 2548 quam
921 2482 1068 2531 semen
1098 2482 1447 2546 appellavimus·
