1653 2797
259 157 546 206 NATUR.
584 157 898 204 Hisrolz
933 159 1067 206 ΜΒ.
1105 159 1259 207 XIX.
1331 172 1424 220 347

140 265 346 328 captibus
370 266 596 324 retraffis,
630 264 854 312 tunicisve
889 266 1111 314 extremis.
1150 266 1342 332 Antiqui
1368 266 1426 313 fi-

140 337 226 384 lice
253 339 331 385 vel
353 338 502 402 tegula
526 335 717 398 subjeeta
741 337 887 398 capita
906 338 1163 386 dilatabant.
1197 341 1301 388 Hoc
1319 340 1427 387 item

139 410 189 457 in
223 411 384 458 bulbis.
424 412 561 457 Nunc
594 408 768 455 sarculo
799 409 963 458 leviter
998 412 1322 460 convelluntur
1352 410 1427 459 rat-4
1482 445 1492 451 ⁷·

141 486 290 545 dices,
317 497 366 532 ut
395 483 662 531 delumbatae
695 483 845 543 alant,
875 501 1022 548 neque
1058 486 1315 535 distrahant.
1354 489 1429 533 In-

141 559 291 623 signe,
321 557 447 621 quod
484 574 586 604 cum
613 554 724 604 fimo
752 555 950 621 laetoque
986 557 1087 604 solo
1121 560 1328 622 gaudeat,
1364 559 1430 606 ri·-

140 647 228 693 gua
255 630 377 677 odit:
411 631 462 678 &
488 641 637 676 tamen
670 629 947 694 proprietate
983 630 1174 694 quadam
1205 631 1290 678 soli
1314 650 1431 679 con-

140 704 266 751 stant.
301 703 640 750 Laudatiffimus
667 703 716 749 in
750 704 952 768 AEgypto
973 739 986 762 2
1025 719 1137 750 mox
1165 703 1332 762 Ostiae,
1362 717 1431 751 at-

139 794 227 841 que
253 777 433 824 Ariciae.
475 776 643 824 Seffivi
673 777 764 823 duo
794 792 982 840 genera:
1008 775 1291 823 Herbaceum
1311 776 1431 823 solio

139 849 344 897 incisuris
365 848 460 911 ejus
478 848 790 907 evidentibus,
807 864 901 912 quo
921 859 1111 896 utuntur
1128 848 1433 895 medicamen-

141 924 258 970 tarii.
290 923 493 970 Alterum
518 939 657 986 genus
694 921 944 985 pallidioris
971 920 1097 980 folii,
1131 920 1431 968 rotundioris·

142 1015 229 1058 que
246 1034 260 1055 ‚
291 996 496 1044 incisuris
525 996 790 1043 levioribus.
823 999 956 1042 Fama
985 995 1046 1042 est
1063 1031 1078 1054 ,
1103 996 1268 1042 Melam
1289 1012 1432 1060 eque-

142 1071 238 1117 stris
257 1070 454 1130 ordinis,
474 1087 600 1117 reum
627 1086 683 1116 ex
701 1071 1028 1133 procuratione
1047 1088 1073 1116 a
1097 1070 1285 1118 Tiberio
1307 1070 1431 1132 prin-

144 1145 245 1208 cipe
262 1144 548 1203 accerfflum,
565 1144 612 1189 in
633 1142 803 1190 summa
831 1143 1141 1206 desperatione
1170 1142 1306 1190 succo
1325 1159 1432 1205 por-

142 1216 180 1265 ri
207 1217 262 1263 ad
291 1217 428 1263 trium
458 1216 743 1263 denariorum
770 1228 1089 1280 argenteorum
1120 1216 1299 1279 pondus
1318 1216 1432 1262 hau-

143 1288 212 1335 sto
228 1326 241 1343 ,
268 1288 505 1347 confestim
528 1288 759 1352 exspirasse
782 1288 873 1335 fine
902 1289 1114 1338 cruciatu.
1149 1289 1433 1352 Ampliorem

143 1362 332 1410 modum
361 1373 526 1424 negant
550 1362 743 1407 noxium
773 1361 874 1408 effe.

223 1434 447 1479 XXXIV.
470 1433 641 1479 Allium
671 1433 725 1479 ad
760 1433 900 1480 multa
933 1433 1049 1480 ruris
1074 1432 1300 1496 praecipue
1333 1449 1432 1479 me-

142 1506 395 1553 dicamenta
426 1506 630 1570 prodeffe
665 1507 877 1553 creditur.
909 1506 1220 1564 Tenuiffimis,
1250 1508 1302 1554 &
1331 1524 1434 1569 quae

144 1580 430 1642 separantur,
459 1579 505 1625 in
528 1578 791 1626 universum
809 1577 986 1625 velatur
1003 1578 1299 1625 membranis:
1318 1595 1433 1625 mox

143 1654 346 1718 pluribus
367 1667 703 1717 coagmentatur
722 1648 917 1712 nucleis,
935 1655 985 1702 &
1012 1654 1079 1700 his
1099 1652 1333 1717 separatim
1352 1670 1435 1700 ve-

144 1727 267 1775 stitis.
306 1727 463 1790 Asperi
493 1727 663 1790 saporis
680 1747 698 1787 ;μ
717 1743 811 1790 quo
830 1727 979 1790 plures
1002 1727 1153 1774 nuclei
1170 1726 1320 1786 fuere,
1340 1727 1434 1775 hoc

144 1799 205 1846 est
238 1799 445 1862 asperius.
485 1799 695 1845 Taedium
717 1799 823 1845 huic
849 1816 1036 1862 quoque
1071 1799 1241 1858 halitu,
1271 1812 1321 1846 ut
1341 1817 1434 1846 cae-

141 1872 236 1936 pis:
264 1872 443 1918 'nullum
478 1885 628 1919 tamen
657 1873 812 1919 costis.
846 1874 1076 1918 Generum
1105 1872 1351 1919 differentia
1384 1872 1433 1918 in

145 1958 378 2008 tempore:
409 1962 597 2008 praecox
618 1944 873 1992 maturescit
890 1944 1113 2008 sexaginta
1130 1945 1311 1993 diebus:
1335 1957 1433 1991 tum

147 2017 192 2063 in
227 2016 551 2081 magnitudine.
596 2018 814 2080 Ulpicum
845 2034 1031 2081 quoque
1071 2019 1120 2065 in
1152 2019 1244 2066 hoc
1270 2034 1433 2082 genere

146 2089 301 2136 Graeci
323 2089 607 2152 appellavere
627 2091 781 2137 allium
799 2091 1024 2155 Cyprium
1045 2127 1059 2149 ‚
1085 2091 1161 2138 alii
1179 2090 1431 2138 antiscoro-

148 2163 240 2208 don
262 2198 276 2221 ‚
293 2163 520 2226 praecipue
542 2162 709 2209 Africae
733 2162 1007 2210 celebratum
1037 2164 1152 2210 inter
1178 2164 1432 2227 pulmenta-

149 2235 214 2281 ria
233 2235 375 2294 ruris,
404 2237 612 2299 grandius
643 2237 765 2283 allio.
790 2237 971 2284 Tritum
997 2237 1045 2283 in
1067 2238 1174 2289 oleo
1198 2239 1250 2284 &
1275 2247 1432 2293 aceto,

151 2309 312 2355 mirum
331 2323 547 2373 quantum
579 2311 792 2358 increscat
811 2310 976 2374 spuma,
1006 2312 1208 2372 Quidam
1228 2310 1433 2374 ulpicum

150 2383 200 2428 &
232 2381 384 2427 allium
405 2381 452 2427 in
477 2382 614 2445 plano
643 2382 725 2429 seri
745 2395 932 2442 vetant,
956 2383 1301 2447 castellatimque
1330 2398 1432 2445 gru·-

148 2454 280 2501 mulis
318 2454 522 2518 imponi,
557 2455 820 2505 distantibus
851 2456 967 2504 inter
1010 2456 1052 2503 se
1087 2455 1221 2520 pedes
1262 2466 1437 2502 ternos.
