1653 2797
224 151 515 213 NATUR.
551 165 1276 215 HISTOR.L113.XV111.
1317 184 1409 231 237

132 273 278 337 plexae
303 272 528 320 fimbriato
564 272 730 334 capillo
764 286 1026 320 curvantur.
1056 277 1168 321 Sunt
1201 278 1250 322 &
1277 278 1408 339 pani·-

133 366 191 395 co
218 365 396 412 genera:
431 345 704 403 Mammosa‚
729 362 753 391 e
777 362 895 407 pano
916 348 1067 409 parvis
1092 362 1311 396 racemata
1329 368 1408 414 pa-

130 422 317 468 niculis:
351 424 401 468 &
426 419 656 466 cacumine
682 417 878 482 gemino.
918 421 1044 478 Quin
1073 424 1121 468 ὅ(
1151 424 1308 469 colore
1340 425 1409 470 di-

130 494 368 558 stinguitur
395 510 419 541 -τ,
444 492 666 550 candido,
703 491 863 554 nigro,
890 493 996 539 ruso
1013 529 1026 549 ,
1065 495 1195 541 etiam
1239 515 1412 561 purpu-

130 583 226 613 reo.
266 564 395 612 Panis
427 563 670 610 multifarie
705 565 755 611 &
780 581 804 609 e
830 564 958 610 milio
988 563 1065 623 fit,
1090 584 1114 611 e
1143 569 1308 629 panico
1337 589 1411 618 ra-

130 655 218 685 rus.
266 637 352 684 Sed
380 637 553 683 nullum
578 635 852 682 frumentum
882 637 1179 699 ponderosius
1204 643 1265 687 est
1283 678 1296 697 ,
1335 658 1412 691 aut

128 713 256 775 quod
281 712 523 776 coquendo
552 711 694 775 magis
727 711 916 759 crescat:
942 725 1007 757 LX
1040 714 1198 775 pondo
1233 717 1358 777 panis
1387 735 1413 764 e

130 786 292 832 modio
312 785 533 832 reducunt
550 820 564 842 ,
594 784 885 847 modiumque
917 784 1050 846 pultis
1074 803 1130 831 ex
1158 787 1297 835 tribus
1317 789 1413 836 sexm

130 857 254 905 tariis
285 858 486 905 madidis.
526 856 707 903 Milium
739 856 856 902 intra
885 856 968 901 hos
997 857 1149 904 decem
1176 877 1319 908 annos
1356 880 1414 909 ex

130 930 257 978 India
275 931 321 977 in
349 931 518 977 Italiam
547 930 775 975 invectum
795 928 881 987 est,
902 928 1079 992 nigrum
1107 932 1291 992 colore,
1316 953 1412 983 am-

132 1004 258 1067 plum
290 1020 456 1068 grano,
481 1003 774 1049 arundineum
811 1003 978 1050 culmO.
1014 1004 1241 1053 Adolescit
1264 1010 1318 1055 ad
1339 1028 1414 1072 pe-

132 1077 208 1123 des
235 1075 468 1123 altitudine
497 1074 690 1137 septem,
711 1074 1045 1138 praegrandibus
1075 1078 1260 1126 culmis:
1288 1081 1414 1130 lobas

136 1159 343 1196 vocant:
384 1147 590 1194 onmium
633 1146 809 1210 frugum
845 1146 1169 1196 fertiliffimum.
1216 1154 1284 1199 Ex
1320 1172 1415 1202 uno

135 1218 425 1284 grano-terni
457 1217 630 1265 sextarii
665 1218 923 1282 gignuntur.
956 1219 1049 1266 Seri
1085 1221 1221 1269 debet
1253 1224 1298 1271 in
1326 1228 1414 1274 hu-

135 1294 280 1341 midis.

200 1384 245 1425 4.
266 1368 505 1412 Frumenta
539 1364 742 1427 quaedam
771 1363 817 1410 in
840 1365 973 1411 tertio
1002 1383 1119 1429 genu
1151 1367 1315 1431 spicam
1343 1374 1416 1421 in—

137 1440 312 1503 cipiunt
341 1437 582 1501 concipere
599 1473 613 1496 ,
645 1438 848 1500 quaedam
874 1439 920 1484 in
946 1450 1138 1502 quarto,
1166 1441 1240 1488 sed
1260 1446 1417 1493 etiam-

136 1532 246 1561 num
282 1513 520 1560 occultam.
558 1511 778 1559 Genicula
811 1526 958 1560 autem
993 1514 1092 1562 sunt
1126 1517 1281 1566 tritico
1305 1538 1417 1576 qua-

137 1600 290 1644 terna,
307 1586 413 1633 farri
433 1585 560 1644 sena,
586 1584 760 1632 hordeo
788 1587 967 1634 octona.
1001 1589 1086 1634 Sed
1106 1607 1201 1636 non
1223 1581 1328 1640 ante
1344 1595 1416 1653 su—

138 1677 217 1722 pra
255 1659 419 1706 dictum
457 1657 770 1722 geniculorum
807 1676 1044 1707 numerum
1072 1678 1321 1727 conceptus
1355 1669 1418 1716 est

138 1731 295 1795 spicae:
330 1732 407 1796 qui
436 1746 485 1778 ut
511 1731 631 1795 spem
656 1730 720 1778 sui
747 1731 878 1790 fecit,
905 1747 1099 1797 quatuor
1122 1748 1196 1782 aut
1216 1739 1418 1803 quinque

138 1803 376 1850 tardiffime
401 1803 556 1853 diebus
572 1803 735 1850 florere
759 1804 983 1867 incipiunt
1004 1824 1013 1851 :
1046 1807 1324 1874 totidemque
1343 1827 1419 1859 aut

142 1877 277 1939 paulo
297 1875 495 1938 pluribus
514 1876 827 1924 deflorescunt.
859 1878 1042 1924 Hordea
1062 1896 1176 1926 vero
1207 1899 1309 1936 cum
1327 1897 1416 1930 tar·-

142 1949 311 1995 diffime
334 1947 512 2010 septem.
547 1951 696 1995 Varro
727 1962 883 2012 quater
914 1950 1111 1997 novenis
1146 1952 1298 2001 diebus
1322 1956 1418 2003 fru-

142 2038 217 2085 ges
243 2021 417 2069 absolvi
440 2021 601 2080 tradit,
633 2024 682 2069 &
710 2021 854 2068 mense
884 2040 1011 2069 nono
1042 2025 1162 2071 meti.

215 2108 253 2158 5.
275 2095 399 2141 Fabae
416 2094 461 2140 in
481 2093 593 2141 folia
611 2108 802 2154 exeunt,
825 2113 876 2142 ac
907 2095 1066 2142 deinde
1095 2098 1266 2146 caulem
1285 2102 1417 2148 emit-

146 2180 278 2225 tunt,
303 2167 438 2214 nullis
469 2168 718 2215 distinctum
750 2169 1029 2215 internodiis.
1067 2170 1259 2234 Reliqua
1294 2173 1419 2237 legu-

148 2241 268 2286 mina
292 2239 517 2287 surculosa
547 2239 659 2289 sunt.
682 2243 748 2286 Ex
770 2240 837 2286 his
855 2241 1052 2300 ramosa,
1067 2243 1211 2301 cicer,
1231 2261 1419 2303 ervum,

149 2316 256 2360 lens.
294 2314 594 2373 Quorundam
621 2314 767 2362 caules
790 2314 1055 2380 sparguntur
1086 2316 1134 2362 in
1165 2330 1352 2375 terram,
1387 2318 1419 2364 s1

145 2405 244 2434 uon
275 2388 462 2435 habeant
493 2388 839 2447 adminiculum,
871 2402 919 2436 ut
956 2389 1168 2453 pisorum.
1214 2390 1355 2450 Quod
1387 2390 1418 2440 fi.

152 2477 245 2508 non
269 2462 486 2519 habuere,
504 2462 724 2509 deteriora
739 2461 864 2510 fiunt.
884 2464 1181 2526 Leguminum
1202 2463 1418 2511 unicaulis
