1653 2797
218 180 307 214 202
471 167 817 216 C.PLINII
866 168 1242 219 SECUNDL

299 291 370 320 22.
414 276 618 339 Sequitur
648 276 810 323 arbusti
851 277 994 336 ratio,
1026 277 1189 324 mirum
1221 277 1268 324 in
1299 278 1484 326 modum

214 345 421 393 damnata
448 347 639 395 Sasernae
668 349 780 412 patri
811 348 1021 414 filioque,
1045 350 1264 397 celebrata
1290 351 1486 408 Scrofae,

216 417 513 466 vetustissimis
542 420 642 483 post
670 422 918 480 Catonem,
949 422 1296 486 peritiffimisque
1319 441 1330 469 ε
1355 440 1407 470 ac
1431 439 1486 469 ne

217 507 241 536 a
271 491 429 538 Scrofa
457 493 666 557 quidem,
692 495 774 543 nisi
805 495 968 554 Italiae,
995 496 1229 543 concessa:
1266 513 1369 544 cum
1398 507 1490 543 tam

217 564 361 629 longo
381 565 599 628 judicetur
629 587 731 616 aevo
748 607 760 628 ,
787 570 957 616 nobilia
984 571 1092 617 vina
1121 570 1323 626 nonnisi
1351 571 1397 616 in
1419 586 1492 616 ar-

217 637 352 685 bustis
384 641 530 704 gigni,
556 643 673 690 &in
705 643 771 690 his
803 659 984 707 quoque
1012 642 1258 690 laudatiora
1287 643 1492 703 summis,

218 713 330 761 ficut
346 716 555 764 uberiora
575 719 673 764 imis
693 737 702 765 :
725 718 834 764 adeo
858 717 1107 764 excelsitate
1129 715 1375 779 proficitur.
1394 716 1492 768 Hac

217 788 393 834 ratione
427 791 476 837 &
507 791 688 837 arbores
718 790 970 852 religant-ur.
1007 789 1154 836 Prima
1186 789 1387 834 omnium
1419 786 1492 833 ul-

217 876 314 904 mus
328 896 341 916 ,
363 873 547 922 excepta
564 874 750 924 propter
769 863 949 908 nimiam
968 861 1176 908 frondem
1192 860 1340 907 atinia.
1360 859 1498 907 Dein-

219 929 273 975 de
305 933 501 993 populus
538 933 692 996 nigra,
720 934 872 980 eadem
904 935 957 981 de
997 933 1122 982 causa
1141 970 1154 991 ,
1183 933 1329 982 minus
1366 930 1496 979 densa

221 999 352 1056 folio.
392 1004 499 1049 Non
522 1003 733 1066 spernunt
759 1006 959 1070 plerique
986 1009 1034 1055 ἃ
1062 1005 1288 1052 fraxinum
1307 1040 1320 1063 ,
1340 1002 1497 1052 ficum-

222 1087 333 1133 que,
361 1074 489 1121 etiam
520 1076 693 1135 oleam,
719 1077 750 1124 fi
778 1095 873 1124 non
904 1079 956 1126 fit
986 1076 1194 1125 umbrosa
1223 1077 1370 1124 ramis.
1403 1078 1503 1123 Ha-

222 1160 324 1189 rum
354 1144 468 1193 satus
496 1148 728 1213 cultusque
753 1150 925 1197 abunde
949 1151 1156 1199 tra-status
1181 1149 1256 1198 est.
1283 1151 1399 1196 Ante
1419 1148 1500 1195 tri-

225 1216 433 1265 cesimum
453 1218 623 1267 sextum
643 1222 834 1269 mensem
853 1223 1011 1287 attingi
1033 1223 1143 1270 falce
1162 1234 1388 1270 vetantur.
1419 1219 1501 1267 Al-

226 1300 352 1336 terna
387 1290 620 1340 servantur
647 1294 855 1342 brachia:
896 1296 1074 1343 alternis
1109 1308 1321 1360 putantur
1348 1295 1505 1344 annis:

226 1363 352 1409 sexto
377 1382 499 1412 anno
520 1368 795 1416 maritantur.
832 1369 1144 1433 Transpadana
1172 1370 1320 1426 Italia,
1340 1383 1507 1432 praeter

227 1437 355 1499 supra
387 1439 548 1498 dicias,
578 1460 751 1502 cornu,
781 1445 984 1507 populo,
1015 1444 1108 1493 tilia
1128 1481 1142 1502 ‚
1169 1460 1323 1500 acere,
1348 1459 1464 1489 orno
1484 1478 1503 1501 ,

229 1513 416 1574 carpino
436 1549 451 1572 ,
479 1532 678 1577 quercu,
707 1519 901 1565 arbustat
929 1536 1090 1582 agros:
1129 1519 1318 1566 Venetia
1343 1517 1509 1575 salice,

228 1602 415 1648 propter
447 1588 660 1652 uliginem
696 1590 791 1636 soli.
830 1594 885 1637 Et
913 1592 1059 1638 ulmus
1089 1593 1390 1638 detruncatae.
1408 1606 1504 1636 me-

231 1659 308 1705 dio
346 1660 392 1704 in
429 1677 653 1708 ramorum
687 1662 861 1710 scamna
893 1663 1128 1726 digeritur,
1157 1662 1278 1709 nulla
1307 1661 1398 1708 fere
1429 1673 1504 1708 XX

155 1740 168 1755 ⁶
231 1732 397 1794 pedum
430 1733 589 1780 altiore
629 1735 803 1783 arbore.
852 1735 1070 1782 Tabulata
1106 1751 1255 1781 earum
1294 1733 1348 1780 ab
1377 1734 1503 1781 ouaa

236 1819 300 1850 vo
336 1806 446 1867 pede
471 1807 715 1854 altitudinis
743 1809 977 1856 dilatantur
1004 1809 1049 1854 in
1076 1808 1266 1856 collibus
1296 1806 1508 1869 siccisque

234 1877 381 1940 agris:
417 1895 438 1923 a
468 1894 542 1925 ΧΠ
573 1881 620 1926 in
651 1881 966 1945 campestribus
987 1884 1034 1928 &
1053 1881 1258 1927 humidis.
1294 1880 1514 1927 Meridia*

237 1967 344 1996 num
379 1952 529 1998 Solem
561 1953 750 2016 speciare
783 1954 940 2017 palmae
969 1954 1143 2001 debent.
1176 1953 1307 2000 Rami
1339 1970 1362 2000 a
1397 1969 1512 2016 pro-

237 2021 353 2082 jectu
389 2024 633 2088 digitorum
672 2028 811 2094 n20do
852 2027 1045 2091 subrigi,
1076 2026 1225 2074 tonsili
1258 2026 1304 2071 in
1339 2025 1407 2089 his
1442 2038 1515 2072 tea

240 2096 396 2143 nuium
426 2116 610 2163 quoque
630 2102 931 2166 virgultorum
961 2102 1119 2159 barba,
1144 2118 1200 2147 ne
1224 2099 1516 2147 obumbrent⁴

240 2172 530 2220 Intervallum
554 2174 714 2236 justum
739 2177 976 2235 arborum,
998 2177 1029 2224 si
1048 2188 1194 2223 aretur
1212 2173 1378 2230 solum,
1401 2189 1513 2236 qua-

243 2243 423 2308 (li-ageni
456 2249 587 2311 pedes
624 2251 669 2296 in
703 2264 824 2316 terga
855 2252 1164 2314 frontemque,
1191 2248 1239 2294 in
1273 2247 1408 2294 latera
1439 2245 1517 2291 vi-

244 2319 358 2367 ceni.
401 2319 444 2365 Si
472 2338 565 2367 non
599 2335 766 2380 aretur,
789 2325 878 2371 hoc
905 2325 950 2370 in
978 2339 1135 2369 omnes
1165 2332 1322 2384 partes.
1355 2319 1513 2381 Singu-

247 2392 300 2439 lis
331 2394 461 2443 denas
491 2395 603 2459 saepe
632 2398 890 2443 adnutriunt
921 2396 1033 2443 vites
1052 2431 1066 2454 ,
1102 2395 1311 2442 damnato
1341 2390 1526 2455 agrico--

249 2465 290 2513 la
321 2468 465 2517 minus
494 2470 644 2518 ternis.
676 2470 884 2520 Maritare
899 2506 914 2530 ,
936 2470 1018 2520 nisi
1037 2468 1239 2528 validas,
1255 2466 1482 2516 inimicum
1499 2498 1523 2523 2
