1653 2797
235 180 508 230 NATUR.
545 178 853 226 HISTOR.
889 178 1020 225 ΜΒ.
1055 178 1257 243 xsvm.
1321 190 1421 242 293

140 302 197 334 ex
219 305 343 351 parte
376 288 533 336 falsum
555 285 752 333 arbitror
765 321 779 342 ,
799 301 1073 350 omnemque
1093 285 1328 333 uredinem
1348 285 1427 332 fri-

140 377 246 421 gore
266 373 442 408 tantum
460 357 688 414 constare,
709 356 813 402 Sole
839 357 1047 403 innoxio.
1078 358 1126 404 Id
1144 357 1427 404 manifestum

137 429 216 478 fiet
247 431 592 480 attendentibus.
636 431 753 476 Nam
773 430 971 492 primum
990 431 1194 478 omnium
1217 448 1313 477 non
1333 429 1429 476 hoe
1453 472 1456 473 γ

138 507 352 565 evenire,
382 505 464 551 nisi
494 503 701 550 noffibus
722 504 772 550 &
798 514 900 549 ante
927 503 1044 549 Solis
1074 505 1313 563 ardorem,
1346 503 1429 550 de-

136 577 443 640 prehenditur,
457 588 698 640 totumque
718 575 861 622 lunari
882 575 1059 621 ratione
1084 576 1286 623 constat:
1307 592 1426 639 quo-

135 650 256 696 niam
280 649 380 696 talis
412 648 574 711 injuria
608 665 704 694 non
731 646 782 693 fit
810 647 891 694 nifi
917 646 1163 693 interlunio
1182 684 1196 705 ‚
1229 648 1427 709 plenave

135 723 289 780 Luna,
323 720 414 768 hoc
444 721 533 780 est,
562 720 861 783 praevalente:
890 731 1088 784 utroque
1118 721 1240 766 enim
1265 721 1426 768 habitu

134 792 266 855 plena
291 793 379 852 est,
413 804 464 840 ut
482 792 642 856 saepius
664 792 857 840 diximus
878 810 888 838 ε
918 791 992 838 sed
1016 792 1263 838 interlunio
1282 808 1425 840 omne

134 867 318 925 lumen,
353 867 479 929 quod
511 866 658 913 aSole
688 866 889 930 accepit,
922 865 1036 913 caelo
1057 866 1233 930 regerit.
1272 865 1428 912 Diffe-

135 937 281 984 rentia
326 937 556 1001 utriusque
604 937 779 986 habitus
816 955 979 1001 magna
1000 973 1014 995 ,
1050 937 1124 984 sed
1159 937 1429 987 manifesta:

134 1028 326 1074 namque
352 1011 600 1057 interlunio
624 1010 771 1058 aestate
797 1010 1051 1058 calidiffima
1070 1010 1132 1057 est
1149 1048 1162 1069 ,
1181 1011 1328 1058 hieme
1351 1029 1429 1076 ge-

133 1084 235 1130 lide.
272 1087 308 1130 E
338 1083 520 1131 diverso
560 1084 608 1129 in
632 1082 886 1145 plenilunio
922 1083 1066 1130 aestate
1100 1083 1284 1148 frigidas
1316 1084 1426 1131 facit

134 1158 289 1204 noctes
303 1193 318 1215 ‚
342 1156 488 1203 hieme
505 1156 691 1219 tepidas.
730 1156 872 1203 Causa
891 1157 1102 1204 evidens:
1124 1156 1198 1203 sed
1217 1157 1302 1204 alia
1318 1158 1430 1204 red-

132 1230 253 1277 ditur
269 1247 293 1275 a
312 1229 507 1275 Fabiano
519 1266 533 1286 ‚
549 1227 809 1292 Graecisque
827 1229 1096 1276 auctoribus.
1119 1228 1282 1276 AEstate
1301 1229 1431 1277 enim

132 1301 380 1349 interlunio
410 1302 579 1350 neceffe
599 1302 661 1348 est
685 1319 788 1350 cum
811 1303 916 1349 Sole
934 1303 1068 1349 nobis
1090 1302 1308 1365 proximo
1330 1301 1428 1354 cir-⁴

133 1375 239 1422 culo
271 1387 449 1434 currat,
479 1375 581 1438 igne
613 1373 707 1437 ejus
741 1376 950 1422 cominus
977 1388 1165 1437 recepto
1197 1375 1427 1422 candens:

134 1450 378 1514 eademque
415 1449 663 1496 interlunio
697 1450 807 1497 absit
837 1450 984 1496 hieme
1003 1485 1018 1508 ,
1051 1449 1236 1512 quando
1268 1447 1425 1495 absce-

133 1522 199 1568 dit
218 1524 268 1573 &
289 1522 383 1569 Sol.
417 1524 526 1569 Item
548 1522 804 1585 plenilunio
835 1521 994 1569 aestivo
1015 1517 1179 1584 procul
1197 1521 1324 1567 abeat
1343 1521 1429 1567 ad-'

131 1595 259 1650 versa
292 1595 419 1641 Soli:
449 1595 595 1641 hieme
625 1607 772 1642 autem
808 1595 864 1642 ad
893 1611 977 1641 nos
998 1610 1078 1657 per
1098 1593 1305 1640 aestivum
1330 1593 1427 1640 cir-

132 1668 284 1714 culum
316 1668 512 1715 accedat.
548 1670 667 1732 Ergo
691 1686 770 1732 per
802 1667 844 1714 se
865 1667 1041 1715 roscida
1064 1667 1246 1731 quoties
1274 1666 1393 1731 alget
1405 1681 1429 1726 ,‘

131 1739 362 1788 infinitum
394 1753 612 1806 quantum
642 1742 725 1789 illo
753 1754 961 1806 tempore
994 1741 1204 1789 cadentes
1236 1741 1424 1804 pruinas

129 1815 355 1879 congelat.

197 1887 364 1936 LXIX.
393 1905 430 1934 1.
456 1889 574 1934 Ante
591 1887 745 1935 omnia
770 1899 916 1934 autem
938 1887 1029 1934 duo
1050 1903 1212 1951 genera
1227 1886 1312 1934 effe
1331 1903 1425 1935 cae-

132 1957 250 2004 lestis
279 1957 455 2021 injuriae
475 1960 720 2007 meminisse
738 1960 963 2007 debemus.
990 1962 1146 2007 Unum
1163 1961 1289 2025 quod
1305 1971 1430 2007 tem-'

131 2030 314 2094 pestates
343 2047 562 2078 vocamus
584 2067 598 2091 ,
624 2032 671 2078 in
706 2032 868 2096 quibus
894 2031 1156 2095 grandines,
1181 2033 1428 2096 procellae,

133 2117 369 2169 ceteraque
402 2105 560 2152 fimilia
596 2107 934 2171 intelliguntur:
971 2124 1073 2171 quae
1107 2124 1210 2154 cum
1244 2107 1423 2154 accide-

131 2177 222 2223 rint
240 2213 254 2235 ,
284 2177 357 2224 vis
387 2175 534 2239 major
559 2179 818 2242 appellatur.
856 2181 966 2226 Haec
995 2179 1048 2226 ab
1075 2178 1274 2226 horridis
1304 2179 1422 2225 fide-

132 2250 252 2296 ribus
273 2261 439 2298 exeunt
455 2285 470 2307 ,
494 2262 544 2296 ut
573 2251 728 2314 saepius
753 2251 951 2299 dix-imus
969 2287 983 2314 ,
1015 2251 1163 2300 veluti
1196 2252 1390 2298 Arcturo
1403 2262 1425 2309 ‚'

131 2321 343 2380 Orione,
376 2321 551 2369 Hoedis.
586 2324 688 2370 Alia
722 2323 822 2371 sunt
844 2324 946 2383 illa,
981 2341 1081 2388 quae
1112 2323 1266 2369 silente
1304 2322 1422 2369 caelo

133 2394 384 2459 serenisque
405 2395 612 2442 noctibus
641 2395 781 2458 fiunt,
802 2398 929 2444 nullo
956 2396 1197 2455 sentiente,
1215 2395 1296 2442 nisi
1316 2412 1420 2443 cum

131 2470 244 2520 fasta
276 2471 391 2520 sunt.
427 2470 612 2519 Publica
645 2472 774 2533 haec,
813 2473 864 2521 &
890 2488 1064 2537 magnae
1098 2467 1362 2589 ssst'erentiae
1393 2482 1422 2515 a

1181 2557 1206 2606 3
