1653 2797
199 131 261 179 62
468 133 523 179 C.
574 132 834 178 PLINII
881 131 1264 179 SECUNDt

263 242 383 288 Cato
401 242 454 287 de
477 239 573 286 ficis
592 239 652 286 ita
681 252 933 287 memorat:
960 240 1090 287 Ficos
1118 242 1325 289 mariscas
1345 243 1392 289 in
1409 241 1484 289 lo-

141 334 147 336 <
202 305 259 362 co
282 313 460 362 cretoso
486 325 561 359 aut
579 326 737 375 aperto
758 312 906 360 serito.
931 316 981 360 In
1001 314 1108 360 loco
1129 326 1277 361 autem
1299 315 1485 362 craffio-

199 406 248 437 re
281 400 357 435 aut
394 388 643 435 stercorato
675 386 936 444 Africanas,
966 389 1015 435 &
1049 387 1384 446 Herculaneas,
1405 389 1485 435 Sa·-

200 462 438 526 gunfinas,
479 460 716 516 hibernas,
750 459 943 505 Telanas
984 471 1098 506 atras
1131 460 1344 522 pediculo
1379 460 1487 508 lon-

199 552 275 598 go.
306 534 464 581 Postea
485 545 554 580 tot
573 533 741 579 subiere
756 532 951 578 nomina
976 545 1107 596 atque
1134 551 1295 597 genera
1309 569 1323 592 ‚
1342 545 1394 580 ut
1411 532 1491 581 vel

198 611 291 657 hoc
317 608 460 656 solum
483 608 798 655 aestimantibus
824 620 1052 671 appareat,
1074 622 1288 656 mutatam
1311 610 1394 657 effe
1413 611 1490 658 vi-

200 694 304 728 tam.
345 683 458 728 Sunt
486 683 535 729 &
563 681 761 727 hibernae
794 680 1055 743 quibusdam
1088 683 1370 745 provinciis,
1401 683 1491 730 fic-

201 757 269 802 uti
295 755 495 813 Moefiae,
526 753 599 800 sed
627 753 761 808 artis,
788 769 884 798 non
911 766 1094 800 naturae.
1129 756 1379 802 Parvarum
1409 774 1487 820 ge·-

203 847 286 876 nus
319 830 534 876 arborum
553 827 654 889 post
681 837 943 871 autumnum
976 825 1086 873 fimo
1119 838 1389 892 contegunt:
1409 831 1490 876 de·-

204 900 526 966 prehensasque
560 900 607 944 in
643 897 789 944 hieme
826 899 1025 961 groff03‚
1058 917 1160 964 quae
1190 900 1372 947 mitiore
1404 918 1492 949 cae-

204 977 254 1021 lo
286 973 460 1020 refoffae
492 989 594 1019 cum
626 969 822 1029 arbore,
851 984 984 1035 atque
1013 973 1059 1018 in
1091 973 1238 1020 lucem
1271 975 1515 1034 remiffae,

204 1063 360 1095 novos
390 1045 543 1104 Soles,
567 1044 797 1109 aliosque,
827 1062 961 1109 quam
984 1046 1147 1109 quibus
1177 1049 1359 1107 vixere,
1388 1050 1491 1096 avi-

205 1123 259 1168 de
279 1156 293 1178 ‚
314 1132 527 1182 tanquam
555 1118 718 1163 iterum
751 1130 892 1175 natae,
916 1119 1174 1180 accipiunt:
1204 1122 1253 1167 &
1279 1138 1381 1167 cum
1409 1138 1491 1168 ve·

202 1192 429 1241 nientium
458 1191 572 1237 flore
610 1190 941 1247 maturescunt,
968 1190 1117 1237 alieno
1145 1208 1374 1254 praecoces
1406 1211 1489 1240 an-

204 1283 268 1313 no
288 1303 303 1325 ‚
336 1265 384 1311 in
410 1264 552 1310 tradiu
581 1264 657 1309 vel
682 1263 962 1328 gelidiffimo.

269 1341 379 1388 XX.
405 1339 491 1385 Sed
514 1356 537 1384 a
558 1339 736 1384 Catone
769 1339 992 1400 appellata
1016 1337 1105 1400 jam
1132 1351 1229 1386 tum
1244 1339 1457 1387 Africana
1477 1374 1492 1398 ‚

205 1405 420 1462 admonet¹
460 1413 510 1458 &
537 1410 728 1468 Africae,
765 1411 819 1456 ad
851 1412 1008 1474 ingens
1048 1412 1375 1459 documentum
1411 1412 1492 1460 uso

206 1505 263 1535 eo
286 1501 441 1550 pomo.
467 1485 674 1546 Namque
697 1483 935 1546 perniciali
964 1485 1075 1531 odio
1105 1485 1388 1548 Carthaginis
1407 1485 1492 1531 ssav-

207 1576 369 1626 grans,
405 1569 716 1620 nepotumque
750 1556 994 1603 securitatis
1028 1559 1215 1616 anxius,
1257 1575 1362 1604 curn
1402 1559 1492 1604 cla-

207 1647 349 1682 maret
375 1632 504 1681 omni
524 1633 688 1678 Senatu
710 1631 1027 1695 Carthaginem
1057 1632 1290 1678 delendam
1308 1668 1322 1690 ‚
1344 1632 1493 1678 attulit

207 1709 405 1773 quodam
429 1705 500 1752 die
521 1706 568 1751 in
589 1706 775 1751 Curiam
805 1722 1062 1768 praecocem
1085 1723 1141 1753 ex
1166 1723 1217 1753 ea
1245 1705 1491 1768 provincia

207 1781 343 1829 ficum
367 1799 377 1827 z
412 1778 737 1842 ostendensque
759 1780 964 1825 Patribus
979 1816 991 1836 ‚
1020 1780 1259 1844 Interrogo
1278 1796 1367 1827 vos
1381 1814 1397 1836 ,
1418 1779 1491 1825 in-

206 1857 335 1920 quit,
356 1854 536 1917 quando
568 1853 683 1900 hanc
713 1869 900 1915 pomum
933 1853 1125 1900 demtam
1152 1853 1317 1916 putetis
1340 1870 1396 1899 ex
1416 1870 1490 1900 aru

209 1929 349 1978 bore?
379 1930 499 1975 Cum
529 1928 647 1974 inter
677 1944 835 1974 omnes
862 1940 1090 1974 recentem
1119 1927 1204 1973 effe
1233 1926 1490 1984 constaret,

211 2003 348 2065 Atqui
372 2003 575 2059 tertium,
601 2000 779 2064 inquit,
816 2012 918 2047 ante
954 2001 1072 2048 diem
1102 2000 1262 2047 scitote
1299 2001 1488 2062 decerpe

209 2090 300 2122 tam
325 2074 620 2136 Carthagine:
655 2086 744 2120 tam
773 2090 917 2137 prope
948 2092 973 2121 a
1000 2074 1139 2121 muris
1164 2073 1373 2119 habemus
1402 2072 1491 2119 how

211 2146 334 2192 stem.
367 2144 612 2206 Statimque
649 2143 840 2190 sumtum
866 2143 927 2190 est
945 2145 1163 2190 Punicum
1188 2144 1370 2190 tertium
1393 2144 1489 2190 bel⁴

214 2220 334 2276 lum,
364 2233 459 2279 quo
487 2216 711 2280 Carthago
745 2216 887 2262 deleta
913 2216 997 2262 est:
1031 2233 1284 2279 quanquam
1312 2217 1489 2263 Catone

213 2306 335 2336 anno
362 2287 568 2352 sequente
603 2301 750 2351 rapto.
793 2289 919 2349 Quid
950 2288 1144 2350 primum
1181 2288 1229 2334 in
1269 2289 1488 2336 eoxmire-

214 2361 342 2408 mur?
389 2378 538 2408 curam
570 2360 775 2424 ingenii,
809 2378 866 2406 an
904 2360 1189 2407 occasionem
1219 2359 1451 2408 fortuitam
1472 2395 1487 2417 ,

215 2433 577 2498 celeritatemque
613 2433 761 2481 cursus
779 2468 794 2492 ‚
822 2450 878 2479 an
909 2434 1238 2481 vehementiam
1264 2432 1380 2482 viri?
1401 2433 1486 2479 Su-
