1653 2797
218 213 305 258 134
481 197 535 241 C.
580 188 831 240 'PLINII
880 186 1251 240 ‘SECUNDI

241 304 402 351 taudio
438 301 674 367 principe,
709 319 810 349 cum
859 301 1000 348 tribus
1038 300 1268 358 molibus,
1294 301 1483 350 turrium

206 377 441 424 altitudine
471 376 517 422 in
546 393 599 423 ea
624 375 909 423 exaedificatis
940 374 1087 420 obiter
1116 375 1364 423 Puteolano
1388 377 1487 438 pul*

205 467 312 496 vere
329 485 342 504 ,
363 447 659 510 advectisque.
692 446 881 493 Arboris
906 444 998 506 ejus
1025 446 1262 494 craffitudo
1287 460 1486 511 quatuor

207 522 449 568 hominum
477 521 600 567 ulnas
628 518 1019 583 complecientium
1049 518 1274 581 implebat.
1307 520 1484 584 Vulgo-

206 611 293 657 que
313 594 491 640 auditur
510 593 741 656 o&oginta
764 590 998 638 nummum
1018 592 1068 638 &
1087 591 1226 653 pluris
1243 592 1387 640 malos
1406 610 1486 639 ve,-

210 667 419 713 numdari
440 667 493 713 ad
517 681 597 712 eos
624 664 747 722 usus,
766 675 1021 710 rates‘vero
1048 663 1261 709 conveffi
1289 665 1484 727 quadra-

207 739 329 802 ginta
347 738 591 785 sestertium
607 736 802 783 millibus
820 733 1061 799 plerasque.
1082 736 1141 780 At
1158 735 1204 780 in
1219 737 1419 800 AEgypto
1435 739 1485 785 &

204 814 334 876 Syria
355 829 480 877 reges
501 811 656 874 inopia
683 809 837 856 abietis
863 810 1002 856 cedro
1031 809 1085 856 ad
1105 809 1254 855 claffes
1281 810 1484 858 feruntur

204 886 279 932 ufi.
300 886 497 932 Maxima
515 902 566 930 ea
583 885 630 929 in
653 884 818 945 Cypro
839 882 1052 940 traditur,
1071 881 1127 928 ad
1149 881 1485 930 undeciremem

206 958 429 1006 Demetrii
454 955 642 1014 succisa,
663 967 843 1002 centum
875 954 1057 1018 triginta
1076 955 1237 1018 pedum
1253 990 1268 1013 ,
1288 955 1484 1005 craffitu-

202 1031 317 1076 dinis
353 1044 468 1075 vero
503 1028 558 1075 ad
584 1028 720 1074 trium
747 1026 983 1073 hominum
1019 1026 1324 1090 complexum.
1363 1029 1482 1074 Ger-

202 1102 363 1148 maniae
394 1101 631 1164 pr-aedones
663 1098 841 1163 singulis
871 1099 1109 1145 arboribus
1144 1100 1315 1148 cavatis
1347 1101 1481 1147 navi-

201 1187 308 1239 gant
322 1211 335 1233 ,
355 1191 545 1238 quarum
565 1174 763 1236 quaedam
783 1174 832 1219 δέ
852 1172 1034 1236 triginta
1055 1172 1262 1220 homines
1284 1173 1448 1220 ferunt».

268 1266 310 1310 3.
340 1247 620 1312 Spiffiffima,
641 1264 697 1294 ex
724 1245 851 1293 omni
876 1246 1059 1293 materie
1075 1284 1090 1304 ‚
1110 1246 1213 1293 ideo
1234 1248 1284 1294 &
1309 1247 1482 1311 gravis-

199 1323 303 1370 fima
320 1359 334 1382 ,
354 1322 578 1385 judicatur
605 1321 772 1368 ebenus
786 1357 801 1377 ,
821 1320 1038 1367 &buxus
1056 1355 1070 1378 ,
1092 1318 1278 1384 graciles
1298 1332 1478 1367 naturae

197 1409 356 1442 neutra
379 1396 427 1441 in
454 1395 582 1458 aquis
609 1394 779 1451 fluitat,
805 1409 887 1439 nec
917 1391 1070 1451 suber,
1092 1392 1123 1438 fi
1152 1393 1353 1439 dematur
1377 1410 1479 1440 cor-

198 1481 300 1514 tex:
332 1484 414 1516 nec
446 1466 574 1512 larix.
629 1467 697 1517 Ex
725 1464 909 1527 reliquis
946 1464 1173 1516 ficciffima
1204 1464 1326 1512 lotos
1345 1501 1359 1523 ,
1379 1482 1480 1529 quae

196 1543 359 1588 Romae
375 1540 436 1586 ita
460 1536 717 1602 appellatur.
753 1538 934 1584 Deinde
956 1538 1096 1585 robur
1115 1538 1477 1587 exalburnatum:

196 1616 247 1661 &
282 1611 385 1659 huic
420 1611 642 1674 nigricans
676 1609 839 1668 color,
866 1608 1089 1673 magisque
1125 1611 1257 1657 etiam
1291 1611 1440 1675 cytiso
1462 1647 1477 1670 ,

194 1705 296 1751 quae
333 1686 541 1749 proxime
585 1684 794 1735 accedere
834 1684 1025 1730 ebenum
1058 1684 1250 1731 videtur.
1311 1687 1475 1745 Quan-

192 1774 326 1822 quam
354 1773 451 1803 non
477 1755 643 1813 defint,
671 1753 747 1818 qui
773 1754 974 1819 Syriacas
1000 1754 1279 1801 terebinthos
1304 1756 1476 1820 nigrio-¹

191 1848 262 1878 res
299 1831 533 1877 affirment.
584 1827 848 1874 Celebratur
889 1828 939 1874 &
980 1827 1211 1874 Thericles
1255 1829 1441 1877 nomine
1459 1865 1475 1885 ‚

193 1904 356 1952 calices
397 1920 454 1950 ex
497 1900 753 1948 terebintho
793 1898 951 1946 solitus
993 1898 1141 1946 facere
1183 1912 1323 1948 torno
1342 1938 1357 1960 ,
1396 1919 1475 1965 per

190 1994 324 2040 quem
359 1974 582 2039 probatur
613 1972 832 2019 materieS.
876 1972 1097 2019 Omnium
1131 1973 1228 2020 haec
1262 1972 1355 2021 sola
1385 1992 1474 2020 un-.

189 2050 236 2113 gi
264 2048 394 2104 vult,
419 2046 669 2109 meliorque
701 2045 808 2091 oleo
841 2043 904 2091 fit.
943 2044 1088 2092 Colos
1114 2045 1226 2092 mire
1258 2047 1473 2095 adultera,

188 2120 261 2167 tur
286 2119 496 2183 juglande
521 2135 570 2164 ac
599 2117 701 2180 piro
731 2116 919 2163 filvestri
946 2117 1095 2165 tinstis
1110 2154 1125 2178 ,
1151 2130 1287 2183 atque,
1309 2120 1356 2166 in
1374 2137 1470 2167 me.-

189 2194 410 2241 dicamine
445 2191 653 2238 decoffis.
701 2189 953 2249 Omnibus,
975 2207 1074 2255 quae
1105 2190 1324 2251 diximus,
1345 2192 1470 2255 spiffa

189 2265 389 2313 firmitas.
431 2264 499 2309 Ab
530 2262 597 2308 his
632 2261 839 2324 proxima
872 2261 934 2308 est
975 2278 1174 2310 cornus:
1214 2280 1468 2329 quanquam

191 2355 286 2384 non
319 2335 464 2400 potest
492 2333 636 2380 videri
658 2333 860 2381 materies
889 2348 1076 2399 propter
1099 2335 1372 2396 exilitatem,
1394 2337 1465 2383 sed

188 2410 362 2473 lignum
386 2426 482 2456 non
510 2407 599 2455 alio
632 2423 759 2470 paene
776 2443 790 2466 ,
812 2425 947 2470 quam
978 2409 1033 2454 ad
1062 2409 1210 2457 radios
1233 2421 1432 2457 rotarum
1447 2444 1462 2466 ‚

186 2482 294 2529 utile
318 2501 327 2529 :
363 2494 437 2528 aut
460 2481 490 2527 fi
520 2480 629 2546 quid
658 2480 940 2528 cuneandum
967 2481 1018 2528 fit
1040 2481 1088 2529 in
1117 2481 1274 2544 ligno,
1302 2480 1462 2529 clavis-

596 2610 648 2635 p·
