<?xml version="1.0" encoding="UTF-8"?>
<!DOCTYPE html PUBLIC "-//W3C//DTD XHTML 1.0 Transitional//EN"
    "http://www.w3.org/TR/xhtml1/DTD/xhtml1-transitional.dtd">
<html xmlns="http://www.w3.org/1999/xhtml" xml:lang="en" lang="en">
 <head>
  <title>
</title>
<meta http-equiv="Content-Type" content="text/html;charset=utf-8" />
  <meta name='ocr-system' content='tesseract 3.04.00' />
  <meta name='ocr-capabilities' content='ocr_page ocr_carea ocr_par ocr_line ocrx_word'/>
</head>
<body>
  <div class='ocr_page' id='page_1' title='image "./caiipliniisecund03plinuoft_0020.png"; bbox 0 0 1653 2797; ppageno 0'>
   <div class='ocr_carea' id='block_1_1' title="bbox 180 172 1215 232">
    <p class='ocr_par' dir='ltr' id='par_1_1' title="bbox 180 172 1215 232">
     <span class='ocr_line' id='line_1_1' title="bbox 180 172 1215 232; baseline 0.008 -12"><span class='ocrx_word' id='word_1_1' title='bbox 180 189 236 232; x_wconf 88' lang='lat'><strong>14</strong></span> <span class='ocrx_word' id='word_1_2' title='bbox 465 172 1215 228; x_wconf 79' lang='lat' dir='ltr'>C.PL1N118ECUND1</span> 
     </span>
    </p>
   </div>
   <div class='ocr_carea' id='block_1_2' title="bbox 79 280 1458 2532">
    <p class='ocr_par' dir='ltr' id='par_1_2' title="bbox 164 280 1458 713">
     <span class='ocr_line' id='line_1_2' title="bbox 171 280 1458 345; baseline 0.012 -18"><span class='ocrx_word' id='word_1_3' title='bbox 171 282 447 345; x_wconf 67' lang='lat' dir='ltr'><strong>quarundam</strong></span> <span class='ocrx_word' id='word_1_4' title='bbox 468 299 523 328; x_wconf 75' lang='lat' dir='ltr'><strong>ex</strong></span> <span class='ocrx_word' id='word_1_5' title='bbox 545 281 596 327; x_wconf 74' lang='lat' dir='ltr'><strong>{is</strong></span> <span class='ocrx_word' id='word_1_6' title='bbox 620 280 708 344; x_wconf 79' lang='lat' dir='ltr'><strong>jam</strong></span> <span class='ocrx_word' id='word_1_7' title='bbox 734 283 865 330; x_wconf 80' lang='lat' dir='ltr'><strong>etiam</strong></span> <span class='ocrx_word' id='word_1_8' title='bbox 885 286 1146 335; x_wconf 78' lang='lat' dir='ltr'><strong>nominibus</strong></span> <span class='ocrx_word' id='word_1_9' title='bbox 1171 289 1363 340; x_wconf 85' lang='lat' dir='ltr'><strong>abolitis.</strong></span> <span class='ocrx_word' id='word_1_10' title='bbox 1382 298 1458 344; x_wconf 69' lang='lat' dir='ltr'><strong>Se:</strong></span> 
     </span>
     <span class='ocr_line' id='line_1_3' title="bbox 169 353 1457 424; baseline 0.01 -24"><span class='ocrx_word' id='word_1_11' title='bbox 169 355 359 417; x_wconf 75' lang='lat' dir='ltr'>paratim</span> <span class='ocrx_word' id='word_1_12' title='bbox 376 367 478 401; x_wconf 82' lang='lat' dir='ltr'><strong>toto</strong></span> <span class='ocrx_word' id='word_1_13' title='bbox 500 355 684 401; x_wconf 61' lang='lat' dir='ltr'><strong>trafflmt</strong></span> <span class='ocrx_word' id='word_1_14' title='bbox 703 353 919 403; x_wconf 76' lang='lat' dir='ltr'><strong>sententia</strong></span> <span class='ocrx_word' id='word_1_15' title='bbox 938 357 1030 419; x_wconf 70' lang='lat' dir='ltr'><strong>ejus</strong></span> <span class='ocrx_word' id='word_1_16' title='bbox 1048 361 1280 410; x_wconf 87' lang='lat' dir='ltr'><strong>indicanda</strong></span> <span class='ocrx_word' id='word_1_17' title='bbox 1298 365 1360 411; x_wconf 90' lang='lat' dir='ltr'><strong>est</strong></span> <span class='ocrx_word' id='word_1_18' title='bbox 1373 402 1387 424; x_wconf 89' lang='lat'><strong>,</strong></span> <span class='ocrx_word' id='word_1_19' title='bbox 1407 381 1457 414; x_wconf 86' lang='lat' dir='ltr'><strong>ut</strong></span> 
     </span>
     <span class='ocr_line' id='line_1_4' title="bbox 168 427 1455 497; baseline 0.009 -23"><span class='ocrx_word' id='word_1_20' title='bbox 168 428 217 474; x_wconf 84' lang='lat' dir='ltr'><strong>in</strong></span> <span class='ocrx_word' id='word_1_21' title='bbox 235 427 362 474; x_wconf 79' lang='lat' dir='ltr'><strong>omni</strong></span> <span class='ocrx_word' id='word_1_22' title='bbox 381 444 541 491; x_wconf 71' lang='lat' dir='ltr'><strong>genere</strong></span> <span class='ocrx_word' id='word_1_23' title='bbox 561 427 819 487; x_wconf 79' lang='lat' dir='ltr'><strong>noscamus,</strong></span> <span class='ocrx_word' id='word_1_24' title='bbox 842 446 942 483; x_wconf 73' lang='lat' dir='ltr'><strong>Quae</strong></span> <span class='ocrx_word' id='word_1_25' title='bbox 960 431 1128 480; x_wconf 82' lang='lat' dir='ltr'><strong>fuerint</strong></span> <span class='ocrx_word' id='word_1_26' title='bbox 1149 436 1455 497; x_wconf 86' lang='lat' dir='ltr'><strong>celeberrima,</strong></span> 
     </span>
     <span class='ocr_line' id='line_1_5' title="bbox 167 498 1453 574; baseline 0.01 -28"><span class='ocrx_word' id='word_1_27' title='bbox 167 517 289 546; x_wconf 78' lang='lat' dir='ltr'><strong>anno</strong></span> <span class='ocrx_word' id='word_1_28' title='bbox 310 498 628 547; x_wconf 76' lang='lat' dir='ltr'><strong>sexcentesimo</strong></span> <span class='ocrx_word' id='word_1_29' title='bbox 650 502 809 560; x_wconf 84' lang='lat' dir='ltr'><strong>Urbis,</strong></span> <span class='ocrx_word' id='word_1_30' title='bbox 829 503 947 550; x_wconf 71' lang='lat' dir='ltr'><strong>circa</strong></span> <span class='ocrx_word' id='word_1_31' title='bbox 971 518 1116 568; x_wconf 78' lang='lat' dir='ltr'><strong>captas</strong></span> <span class='ocrx_word' id='word_1_32' title='bbox 1138 510 1453 574; x_wconf 73' lang='lat' dir='ltr'>Carthaginem</span> 
     </span>
     <span class='ocr_line' id='line_1_6' title="bbox 168 573 1455 643; baseline 0.009 -24"><span class='ocrx_word' id='word_1_33' title='bbox 168 590 220 619; x_wconf 84' lang='lat' dir='ltr'><strong>ac</strong></span> <span class='ocrx_word' id='word_1_34' title='bbox 255 573 561 632; x_wconf 79' lang='lat' dir='ltr'>Corinthum,</span> <span class='ocrx_word' id='word_1_35' title='bbox 592 591 694 620; x_wconf 85' lang='lat' dir='ltr'><strong>cum</strong></span> <span class='ocrx_word' id='word_1_36' title='bbox 730 574 979 638; x_wconf 81' lang='lat' dir='ltr'><strong>supremum</strong></span> <span class='ocrx_word' id='word_1_37' title='bbox 1010 578 1046 624; x_wconf 85' lang='lat' dir='ltr'><strong>is</strong></span> <span class='ocrx_word' id='word_1_38' title='bbox 1080 580 1195 627; x_wconf 86' lang='lat' dir='ltr'><strong>diem</strong></span> <span class='ocrx_word' id='word_1_39' title='bbox 1232 582 1455 643; x_wconf 89' lang='lat' dir='ltr'><strong>obiit,·&amp;</strong></span> 
     </span>
     <span class='ocr_line' id='line_1_7' title="bbox 164 646 1355 713; baseline 0.009 -23"><span class='ocrx_word' id='word_1_40' title='bbox 164 657 383 708; x_wconf 86' lang='lat' dir='ltr'><strong>quantum</strong></span> <span class='ocrx_word' id='word_1_41' title='bbox 413 646 568 707; x_wconf 86' lang='lat' dir='ltr'><strong>postea</strong></span> <span class='ocrx_word' id='word_1_42' title='bbox 597 658 779 692; x_wconf 85' lang='lat' dir='ltr'><strong>ccxxx</strong></span> <span class='ocrx_word' id='word_1_43' title='bbox 815 647 943 693; x_wconf 81' lang='lat' dir='ltr'><strong>annis</strong></span> <span class='ocrx_word' id='word_1_44' title='bbox 974 648 1070 696; x_wconf 82' lang='lat' dir='ltr'><strong>vita</strong></span> <span class='ocrx_word' id='word_1_45' title='bbox 1097 652 1355 713; x_wconf 84' lang='lat' dir='ltr'><strong>profecerit.</strong></span> 
     </span>
    </p>

    <p class='ocr_par' dir='ltr' id='par_1_3' title="bbox 153 717 1452 1644">
     <span class='ocr_line' id='line_1_8' title="bbox 231 717 1452 785; baseline 0.01 -21"><span class='ocrx_word' id='word_1_46' title='bbox 231 720 351 781; x_wconf 75' lang='lat' dir='ltr'><strong>Ergo</strong></span> <span class='ocrx_word' id='word_1_47' title='bbox 379 717 434 763; x_wconf 92' lang='lat' dir='ltr'><strong>de</strong></span> <span class='ocrx_word' id='word_1_48' title='bbox 455 717 623 764; x_wconf 86' lang='lat' dir='ltr'><strong>vitibus</strong></span> <span class='ocrx_word' id='word_1_49' title='bbox 648 717 917 780; x_wconf 64' lang='lat' dir='ltr'><strong>uvisque-ita</strong></span> <span class='ocrx_word' id='word_1_50' title='bbox 944 723 1171 783; x_wconf 81' lang='lat' dir='ltr'>prodidit:</span> <span class='ocrx_word' id='word_1_51' title='bbox 1203 726 1297 785; x_wconf 84' lang='lat' dir='ltr'><strong>Qui</strong></span> <span class='ocrx_word' id='word_1_52' title='bbox 1322 727 1452 777; x_wconf 84' lang='lat' dir='ltr'><strong>locus</strong></span> 
     </span>
     <span class='ocr_line' id='line_1_9' title="bbox 166 791 1452 860; baseline 0.007 -22"><span class='ocrx_word' id='word_1_53' title='bbox 166 791 281 839; x_wconf 86' lang='lat' dir='ltr'><strong>vino</strong></span> <span class='ocrx_word' id='word_1_54' title='bbox 320 791 519 854; x_wconf 85' lang='lat' dir='ltr'><strong>optimus</strong></span> <span class='ocrx_word' id='word_1_55' title='bbox 556 791 727 838; x_wconf 84' lang='lat' dir='ltr'><strong>dicetur</strong></span> <span class='ocrx_word' id='word_1_56' title='bbox 766 792 883 850; x_wconf 81' lang='lat' dir='ltr'><strong>effe,</strong></span> <span class='ocrx_word' id='word_1_57' title='bbox 915 795 965 841; x_wconf 89' lang='lat'>&amp;</span> <span class='ocrx_word' id='word_1_58' title='bbox 1002 795 1201 843; x_wconf 83' lang='lat' dir='ltr'><strong>ostentus</strong></span> <span class='ocrx_word' id='word_1_59' title='bbox 1240 799 1452 860; x_wconf 84' lang='lat' dir='ltr'><strong>Solibus,</strong></span> 
     </span>
     <span class='ocr_line' id='line_1_10' title="bbox 164 864 1450 934; baseline 0.005 -22"><span class='ocrx_word' id='word_1_60' title='bbox 164 864 451 912; x_wconf 85' lang='lat' dir='ltr'><strong>Ammineum</strong></span> <span class='ocrx_word' id='word_1_61' title='bbox 484 864 802 934; x_wconf 78' lang='lat' dir='ltr'><strong>minusculum,</strong></span> <span class='ocrx_word' id='word_1_62' title='bbox 830 867 881 913; x_wconf 87' lang='lat'>&amp;</span> <span class='ocrx_word' id='word_1_63' title='bbox 912 867 1141 930; x_wconf 83' lang='lat' dir='ltr'><strong>geminum</strong></span> <span class='ocrx_word' id='word_1_64' title='bbox 1177 872 1450 933; x_wconf 80' lang='lat' dir='ltr'><strong>eugenium,</strong></span> 
     </span>
     <span class='ocr_line' id='line_1_11' title="bbox 164 935 1449 1000; baseline 0.005 -15"><span class='ocrx_word' id='word_1_65' title='bbox 164 938 403 988; x_wconf 79' lang='lat' dir='ltr'><strong>helvinum</strong></span> <span class='ocrx_word' id='word_1_66' title='bbox 433 935 729 983; x_wconf 82' lang='lat' dir='ltr'><strong>minusculum</strong></span> <span class='ocrx_word' id='word_1_67' title='bbox 760 938 1000 986; x_wconf 80' lang='lat' dir='ltr'><strong>conserito.</strong></span> <span class='ocrx_word' id='word_1_68' title='bbox 1039 942 1134 1000; x_wconf 82' lang='lat' dir='ltr'><strong>Qui</strong></span> <span class='ocrx_word' id='word_1_69' title='bbox 1169 943 1298 991; x_wconf 87' lang='lat' dir='ltr'><strong>locus</strong></span> <span class='ocrx_word' id='word_1_70' title='bbox 1331 945 1449 992; x_wconf 88' lang='lat' dir='ltr'><strong>cras·-</strong></span> 
     </span>
     <span class='ocr_line' id='line_1_12' title="bbox 163 1011 1446 1077; baseline 0.005 -18"><span class='ocrx_word' id='word_1_71' title='bbox 163 1013 253 1059; x_wconf 79' lang='lat' dir='ltr'><strong>fior</strong></span> <span class='ocrx_word' id='word_1_72' title='bbox 286 1025 363 1060; x_wconf 76' lang='lat' dir='ltr'><strong>aut</strong></span> <span class='ocrx_word' id='word_1_73' title='bbox 394 1011 674 1069; x_wconf 80' lang='lat' dir='ltr'><strong>nebulosior,</strong></span> <span class='ocrx_word' id='word_1_74' title='bbox 694 1012 982 1059; x_wconf 84' lang='lat' dir='ltr'><strong>Ammineum</strong></span> <span class='ocrx_word' id='word_1_75' title='bbox 1009 1014 1174 1077; x_wconf 82' lang='lat' dir='ltr'><strong>majus,</strong></span> <span class='ocrx_word' id='word_1_76' title='bbox 1204 1030 1280 1063; x_wconf 83' lang='lat' dir='ltr'><strong>aut</strong></span> <span class='ocrx_word' id='word_1_77' title='bbox 1314 1020 1446 1065; x_wconf 86' lang='lat' dir='ltr'><strong>Mur-</strong></span> 
     </span>
     <span class='ocr_line' id='line_1_13' title="bbox 160 1082 1446 1149; baseline 0.004 -18"><span class='ocrx_word' id='word_1_78' title='bbox 160 1085 415 1149; x_wconf 80' lang='lat' dir='ltr'><strong>gentinum,</strong></span> <span class='ocrx_word' id='word_1_79' title='bbox 438 1082 646 1146; x_wconf 80' lang='lat' dir='ltr'><strong>Apicium</strong></span> <span class='ocrx_word' id='word_1_80' title='bbox 672 1085 906 1130; x_wconf 83' lang='lat' dir='ltr'><strong>Lucanum</strong></span> <span class='ocrx_word' id='word_1_81' title='bbox 941 1085 1089 1133; x_wconf 79' lang='lat' dir='ltr'><strong>serito.</strong></span> <span class='ocrx_word' id='word_1_82' title='bbox 1131 1088 1303 1135; x_wconf 82' lang='lat' dir='ltr'><strong>Ceterae</strong></span> <span class='ocrx_word' id='word_1_83' title='bbox 1329 1090 1446 1136; x_wconf 85' lang='lat' dir='ltr'><strong>vites</strong></span> 
     </span>
     <span class='ocr_line' id='line_1_14' title="bbox 160 1156 1446 1220; baseline 0.003 -15"><span class='ocrx_word' id='word_1_84' title='bbox 160 1158 366 1206; x_wconf 83' lang='lat' dir='ltr'><strong>miscellae</strong></span> <span class='ocrx_word' id='word_1_85' title='bbox 404 1157 598 1203; x_wconf 83' lang='lat' dir='ltr'><strong>maxime</strong></span> <span class='ocrx_word' id='word_1_86' title='bbox 631 1156 678 1201; x_wconf 88' lang='lat' dir='ltr'><strong>in</strong></span> <span class='ocrx_word' id='word_1_87' title='bbox 712 1158 918 1219; x_wconf 84' lang='lat' dir='ltr'><strong>quemvis</strong></span> <span class='ocrx_word' id='word_1_88' title='bbox 953 1175 1106 1220; x_wconf 84' lang='lat' dir='ltr'><strong>agrum</strong></span> <span class='ocrx_word' id='word_1_89' title='bbox 1146 1162 1446 1210; x_wconf 76' lang='lat' dir='ltr'><strong>conveniunt.</strong></span> 
     </span>
     <span class='ocr_line' id='line_1_15' title="bbox 158 1229 1444 1293; baseline 0 -13"><span class='ocrx_word' id='word_1_90' title='bbox 158 1237 207 1281; x_wconf 86' lang='lat' dir='ltr'><strong>In</strong></span> <span class='ocrx_word' id='word_1_91' title='bbox 229 1234 327 1280; x_wconf 86' lang='lat' dir='ltr'><strong>lora</strong></span> <span class='ocrx_word' id='word_1_92' title='bbox 345 1232 462 1278; x_wconf 53' lang='lat' dir='ltr'><strong>reeh?</strong></span> <span class='ocrx_word' id='word_1_93' title='bbox 487 1231 761 1277; x_wconf 80' lang='lat' dir='ltr'><strong>conduntur.</strong></span> <span class='ocrx_word' id='word_1_94' title='bbox 792 1231 915 1289; x_wconf 81' lang='lat' dir='ltr'><strong>Quas</strong></span> <span class='ocrx_word' id='word_1_95' title='bbox 938 1229 1169 1293; x_wconf 76' lang='lat' dir='ltr'>suspendas</span> <span class='ocrx_word' id='word_1_96' title='bbox 1188 1233 1444 1292; x_wconf 80' lang='lat' dir='ltr'><strong>duracinas,</strong></span> 
     </span>
     <span class='ocr_line' id='line_1_16' title="bbox 160 1300 1443 1368; baseline 0 -16"><span class='ocrx_word' id='word_1_97' title='bbox 160 1305 414 1353; x_wconf 85' lang='lat' dir='ltr'><strong>Ammineas</strong></span> <span class='ocrx_word' id='word_1_98' title='bbox 440 1301 653 1363; x_wconf 74' lang='lat' dir='ltr'><strong>majores:</strong></span> <span class='ocrx_word' id='word_1_99' title='bbox 688 1300 763 1347; x_wconf 80' lang='lat' dir='ltr'><strong>vel</strong></span> <span class='ocrx_word' id='word_1_100' title='bbox 795 1301 850 1346; x_wconf 87' lang='lat' dir='ltr'><strong>ad</strong></span> <span class='ocrx_word' id='word_1_101' title='bbox 885 1301 1062 1349; x_wconf 80' lang='lat' dir='ltr'>fabrum</span> <span class='ocrx_word' id='word_1_102' title='bbox 1092 1302 1326 1351; x_wconf 84' lang='lat' dir='ltr'><strong>ferrarium</strong></span> <span class='ocrx_word' id='word_1_103' title='bbox 1356 1321 1443 1368; x_wconf 89' lang='lat' dir='ltr'><strong>pro</strong></span> 
     </span>
     <span class='ocr_line' id='line_1_17' title="bbox 158 1373 1443 1441; baseline 0 -17"><span class='ocrx_word' id='word_1_104' title='bbox 158 1377 287 1441; x_wconf 86' lang='lat' dir='ltr'><strong>paffis</strong></span> <span class='ocrx_word' id='word_1_105' title='bbox 314 1376 384 1422; x_wconf 81' lang='lat' dir='ltr'><strong>hae</strong></span> <span class='ocrx_word' id='word_1_106' title='bbox 412 1374 529 1421; x_wconf 64' lang='lat' dir='ltr'><strong>reEle</strong></span> <span class='ocrx_word' id='word_1_107' title='bbox 563 1373 810 1420; x_wconf 82' lang='lat' dir='ltr'><strong>servantur.</strong></span> <span class='ocrx_word' id='word_1_108' title='bbox 858 1374 957 1420; x_wconf 89' lang='lat' dir='ltr'><strong>Nec</strong></span> <span class='ocrx_word' id='word_1_109' title='bbox 987 1373 1084 1421; x_wconf 82' lang='lat' dir='ltr'><strong>sunt</strong></span> <span class='ocrx_word' id='word_1_110' title='bbox 1111 1375 1358 1423; x_wconf 86' lang='lat' dir='ltr'><strong>vetustiora</strong></span> <span class='ocrx_word' id='word_1_111' title='bbox 1387 1378 1443 1425; x_wconf 87' lang='lat' dir='ltr'><strong>de</strong></span> 
     </span>
     <span class='ocr_line' id='line_1_18' title="bbox 153 1448 1438 1511; baseline -0.001 -14"><span class='ocrx_word' id='word_1_112' title='bbox 153 1450 230 1498; x_wconf 86' lang='lat' dir='ltr'><strong>illa</strong></span> <span class='ocrx_word' id='word_1_113' title='bbox 248 1467 295 1496; x_wconf 88' lang='lat' dir='ltr'><strong>re</strong></span> <span class='ocrx_word' id='word_1_114' title='bbox 311 1449 480 1496; x_wconf 78' lang='lat' dir='ltr'><strong>Latinae</strong></span> <span class='ocrx_word' id='word_1_115' title='bbox 509 1448 670 1511; x_wconf 76' lang='lat' dir='ltr'><strong>linguae</strong></span> <span class='ocrx_word' id='word_1_116' title='bbox 694 1460 948 1510; x_wconf 82' lang='lat' dir='ltr'><strong>praecepta:</strong></span> <span class='ocrx_word' id='word_1_117' title='bbox 981 1460 1068 1494; x_wconf 86' lang='lat' dir='ltr'><strong>tam</strong></span> <span class='ocrx_word' id='word_1_118' title='bbox 1089 1465 1241 1511; x_wconf 85' lang='lat' dir='ltr'><strong>prope·</strong></span> <span class='ocrx_word' id='word_1_119' title='bbox 1260 1449 1316 1496; x_wconf 89' lang='lat' dir='ltr'><strong>ab</strong></span> <span class='ocrx_word' id='word_1_120' title='bbox 1341 1451 1438 1496; x_wconf 89' lang='lat' dir='ltr'><strong>ori-</strong></span> 
     </span>
     <span class='ocr_line' id='line_1_19' title="bbox 155 1521 1438 1588; baseline 0.001 -19"><span class='ocrx_word' id='word_1_121' title='bbox 155 1524 257 1588; x_wconf 82' lang='lat' dir='ltr'><strong>gine</strong></span> <span class='ocrx_word' id='word_1_122' title='bbox 293 1540 441 1569; x_wconf 83' lang='lat' dir='ltr'><strong>rerum</strong></span> <span class='ocrx_word' id='word_1_123' title='bbox 483 1521 642 1568; x_wconf 83' lang='lat' dir='ltr'><strong>sumus.</strong></span> <span class='ocrx_word' id='word_1_124' title='bbox 694 1522 975 1568; x_wconf 79' lang='lat' dir='ltr'><strong>Ammineam</strong></span> <span class='ocrx_word' id='word_1_125' title='bbox 1012 1522 1219 1586; x_wconf 84' lang='lat' dir='ltr'><strong>proxime</strong></span> <span class='ocrx_word' id='word_1_126' title='bbox 1253 1523 1438 1583; x_wconf 54' lang='lat' dir='ltr'><strong>dielam,</strong></span> 
     </span>
     <span class='ocr_line' id='line_1_20' title="bbox 153 1599 796 1644; baseline 0 0"><span class='ocrx_word' id='word_1_127' title='bbox 153 1601 302 1644; x_wconf 79' lang='lat' dir='ltr'><strong>Varro</strong></span> <span class='ocrx_word' id='word_1_128' title='bbox 331 1599 614 1643; x_wconf 76' lang='lat' dir='ltr'><strong>Scantianam</strong></span> <span class='ocrx_word' id='word_1_129' title='bbox 642 1608 796 1644; x_wconf 85' lang='lat' dir='ltr'><strong>vocat.</strong></span> 
     </span>
    </p>

    <p class='ocr_par' dir='ltr' id='par_1_4' title="bbox 79 1666 1436 2532">
     <span class='ocr_line' id='line_1_21' title="bbox 229 1666 1436 1732; baseline 0 -15"><span class='ocrx_word' id='word_1_130' title='bbox 229 1674 279 1717; x_wconf 90' lang='lat' dir='ltr'><strong>In</strong></span> <span class='ocrx_word' id='word_1_131' title='bbox 299 1670 450 1716; x_wconf 84' lang='lat' dir='ltr'><strong>nostra</strong></span> <span class='ocrx_word' id='word_1_132' title='bbox 479 1681 606 1716; x_wconf 75' lang='lat' dir='ltr'><strong>aetate</strong></span> <span class='ocrx_word' id='word_1_133' title='bbox 637 1686 776 1732; x_wconf 81' lang='lat' dir='ltr'><strong>pauca</strong></span> <span class='ocrx_word' id='word_1_134' title='bbox 796 1666 1001 1730; x_wconf 78' lang='lat' dir='ltr'><strong>exempla</strong></span> <span class='ocrx_word' id='word_1_135' title='bbox 1020 1668 1334 1716; x_wconf 80' lang='lat' dir='ltr'><strong>consummatae</strong></span> <span class='ocrx_word' id='word_1_136' title='bbox 1352 1670 1436 1716; x_wconf 84' lang='lat' dir='ltr'><strong>hu-</strong></span> 
     </span>
     <span class='ocr_line' id='line_1_22' title="bbox 151 1739 1434 1807; baseline -0.002 -17"><span class='ocrx_word' id='word_1_137' title='bbox 151 1744 218 1807; x_wconf 72' lang='lat' dir='ltr'><strong>jus</strong></span> <span class='ocrx_word' id='word_1_138' title='bbox 238 1743 341 1790; x_wconf 83' lang='lat' dir='ltr'><strong>artis</strong></span> <span class='ocrx_word' id='word_1_139' title='bbox 369 1741 491 1788; x_wconf 86' lang='lat' dir='ltr'><strong>fuere</strong></span> <span class='ocrx_word' id='word_1_140' title='bbox 511 1760 521 1788; x_wconf 91' lang='lat'>:</span> <span class='ocrx_word' id='word_1_141' title='bbox 551 1758 714 1788; x_wconf 74' lang='lat' dir='ltr'><strong>verum</strong></span> <span class='ocrx_word' id='word_1_142' title='bbox 734 1758 789 1787; x_wconf 92' lang='lat' dir='ltr'><strong>eo</strong></span> <span class='ocrx_word' id='word_1_143' title='bbox 810 1740 959 1787; x_wconf 86' lang='lat' dir='ltr'><strong>minus</strong></span> <span class='ocrx_word' id='word_1_144' title='bbox 988 1739 1232 1786; x_wconf 85' lang='lat' dir='ltr'><strong>omittenda</strong></span> <span class='ocrx_word' id='word_1_145' title='bbox 1246 1776 1260 1799; x_wconf 89' lang='lat'><strong>,</strong></span> <span class='ocrx_word' id='word_1_146' title='bbox 1276 1754 1326 1788; x_wconf 87' lang='lat' dir='ltr'><strong>ut</strong></span> <span class='ocrx_word' id='word_1_147' title='bbox 1345 1759 1434 1788; x_wconf 88' lang='lat' dir='ltr'><strong>no-</strong></span> 
     </span>
     <span class='ocr_line' id='line_1_23' title="bbox 152 1812 1433 1878; baseline -0.002 -14"><span class='ocrx_word' id='word_1_148' title='bbox 152 1817 325 1864; x_wconf 78' lang='lat' dir='ltr'>scantur</span> <span class='ocrx_word' id='word_1_149' title='bbox 343 1815 475 1861; x_wconf 81' lang='lat' dir='ltr'><strong>etiam</strong></span> <span class='ocrx_word' id='word_1_150' title='bbox 493 1814 696 1877; x_wconf 77' lang='lat' dir='ltr'><strong>praemia,</strong></span> <span class='ocrx_word' id='word_1_151' title='bbox 715 1832 816 1878; x_wconf 85' lang='lat' dir='ltr'><strong>quae</strong></span> <span class='ocrx_word' id='word_1_152' title='bbox 836 1814 883 1861; x_wconf 91' lang='lat' dir='ltr'><strong>in</strong></span> <span class='ocrx_word' id='word_1_153' title='bbox 904 1812 1030 1859; x_wconf 86' lang='lat' dir='ltr'><strong>omni</strong></span> <span class='ocrx_word' id='word_1_154' title='bbox 1048 1829 1095 1858; x_wconf 88' lang='lat' dir='ltr'><strong>re</strong></span> <span class='ocrx_word' id='word_1_155' title='bbox 1112 1813 1302 1860; x_wconf 81' lang='lat' dir='ltr'><strong>maxime</strong></span> <span class='ocrx_word' id='word_1_156' title='bbox 1319 1814 1433 1877; x_wconf 89' lang='lat' dir='ltr'><strong>spec-</strong></span> 
     </span>
     <span class='ocr_line' id='line_1_24' title="bbox 151 1886 1433 1952; baseline -0.001 -15"><span class='ocrx_word' id='word_1_157' title='bbox 151 1886 311 1937; x_wconf 61' lang='lat' dir='ltr'><strong>tantur.</strong></span> <span class='ocrx_word' id='word_1_158' title='bbox 349 1891 573 1936; x_wconf 80' lang='lat' dir='ltr'><strong>Summam</strong></span> <span class='ocrx_word' id='word_1_159' title='bbox 605 1905 713 1952; x_wconf 79' lang='lat' dir='ltr'><strong>ergo</strong></span> <span class='ocrx_word' id='word_1_160' title='bbox 749 1889 933 1951; x_wconf 71' lang='lat' dir='ltr'><strong>adeptus</strong></span> <span class='ocrx_word' id='word_1_161' title='bbox 962 1887 1022 1933; x_wconf 84' lang='lat' dir='ltr'><strong>est</strong></span> <span class='ocrx_word' id='word_1_162' title='bbox 1050 1887 1237 1950; x_wconf 81' lang='lat' dir='ltr'><strong>gloriam</strong></span> <span class='ocrx_word' id='word_1_163' title='bbox 1262 1888 1433 1936; x_wconf 85' lang='lat' dir='ltr'><strong>Acilius</strong></span> 
     </span>
     <span class='ocr_line' id='line_1_25' title="bbox 150 1960 1433 2026; baseline -0.002 -15"><span class='ocrx_word' id='word_1_164' title='bbox 150 1963 406 2021; x_wconf 81' lang='lat' dir='ltr'><strong>Sthenelus,</strong></span> <span class='ocrx_word' id='word_1_165' title='bbox 428 1979 451 2009; x_wconf 86' lang='lat' dir='ltr'><strong>e</strong></span> <span class='ocrx_word' id='word_1_166' title='bbox 479 1963 608 2026; x_wconf 87' lang='lat' dir='ltr'><strong>plebe</strong></span> <span class='ocrx_word' id='word_1_167' title='bbox 634 1963 867 2020; x_wconf 84' lang='lat' dir='ltr'><strong>libertina,</strong></span> <span class='ocrx_word' id='word_1_168' title='bbox 886 1976 950 2007; x_wconf 86' lang='lat' dir='ltr'><strong>LX</strong></span> <span class='ocrx_word' id='word_1_169' title='bbox 977 1960 1182 2024; x_wconf 82' lang='lat' dir='ltr'><strong>jugerum</strong></span> <span class='ocrx_word' id='word_1_170' title='bbox 1211 1978 1306 2007; x_wconf 89' lang='lat' dir='ltr'><strong>non</strong></span> <span class='ocrx_word' id='word_1_171' title='bbox 1335 1979 1433 2008; x_wconf 84' lang='lat' dir='ltr'><strong>am-</strong></span> 
     </span>
     <span class='ocr_line' id='line_1_26' title="bbox 149 2037 1429 2102; baseline -0.004 -16"><span class='ocrx_word' id='word_1_172' title='bbox 149 2040 268 2102; x_wconf 87' lang='lat' dir='ltr'><strong>plius</strong></span> <span class='ocrx_word' id='word_1_173' title='bbox 287 2037 432 2086; x_wconf 85' lang='lat' dir='ltr'><strong>vineis</strong></span> <span class='ocrx_word' id='word_1_174' title='bbox 450 2037 641 2084; x_wconf 77' lang='lat' dir='ltr'><strong>excultis</strong></span> <span class='ocrx_word' id='word_1_175' title='bbox 659 2038 705 2083; x_wconf 85' lang='lat' dir='ltr'><strong>in</strong></span> <span class='ocrx_word' id='word_1_176' title='bbox 726 2038 1017 2083; x_wconf 86' lang='lat' dir='ltr'><strong>Nomentano</strong></span> <span class='ocrx_word' id='word_1_177' title='bbox 1035 2049 1159 2098; x_wconf 85' lang='lat' dir='ltr'><strong>agro,</strong></span> <span class='ocrx_word' id='word_1_178' title='bbox 1179 2046 1311 2098; x_wconf 85' lang='lat' dir='ltr'><strong>atque</strong></span> <span class='ocrx_word' id='word_1_179' title='bbox 1330 2051 1429 2097; x_wconf 85' lang='lat' dir='ltr'><strong>qua-</strong></span> 
     </span>
     <span class='ocr_line' id='line_1_27' title="bbox 149 2107 1429 2175; baseline -0.002 -17"><span class='ocrx_word' id='word_1_180' title='bbox 149 2111 420 2175; x_wconf 82' lang='lat' dir='ltr'><strong>dringenties</strong></span> <span class='ocrx_word' id='word_1_181' title='bbox 449 2109 681 2155; x_wconf 72' lang='lat' dir='ltr'><strong>nummfim</strong></span> <span class='ocrx_word' id='word_1_182' title='bbox 711 2109 906 2156; x_wconf 86' lang='lat' dir='ltr'><strong>millibus</strong></span> <span class='ocrx_word' id='word_1_183' title='bbox 932 2107 1227 2155; x_wconf 81' lang='lat' dir='ltr'><strong>venumdatis.</strong></span> <span class='ocrx_word' id='word_1_184' title='bbox 1264 2109 1429 2171; x_wconf 83' lang='lat' dir='ltr'><strong>Magna</strong></span> 
     </span>
     <span class='ocr_line' id='line_1_28' title="bbox 148 2180 1427 2245; baseline -0.003 -15"><span class='ocrx_word' id='word_1_185' title='bbox 148 2183 265 2230; x_wconf 83' lang='lat' dir='ltr'><strong>fama</strong></span> <span class='ocrx_word' id='word_1_186' title='bbox 301 2185 349 2230; x_wconf 91' lang='lat'>&amp;</span> <span class='ocrx_word' id='word_1_187' title='bbox 386 2182 613 2228; x_wconf 80' lang='lat' dir='ltr'><strong>Vetuleno</strong></span> <span class='ocrx_word' id='word_1_188' title='bbox 644 2181 820 2245; x_wconf 83' lang='lat' dir='ltr'><strong>AEgialo</strong></span> <span class='ocrx_word' id='word_1_189' title='bbox 855 2180 1040 2245; x_wconf 87' lang='lat' dir='ltr'><strong>perinde</strong></span> <span class='ocrx_word' id='word_1_190' title='bbox 1065 2180 1278 2226; x_wconf 88' lang='lat' dir='ltr'><strong>libertino</strong></span> <span class='ocrx_word' id='word_1_191' title='bbox 1309 2180 1427 2240; x_wconf 84' lang='lat' dir='ltr'><strong>suit,</strong></span> 
     </span>
     <span class='ocr_line' id='line_1_29' title="bbox 79 2249 1425 2318; baseline -0.002 -16"><span class='ocrx_word' id='word_1_192' title='bbox 79 2249 82 2253; x_wconf 44' lang='lat'><strong>¹</strong></span> <span class='ocrx_word' id='word_1_193' title='bbox 149 2257 196 2301; x_wconf 83' lang='lat' dir='ltr'><strong>in</strong></span> <span class='ocrx_word' id='word_1_194' title='bbox 228 2254 486 2318; x_wconf 84' lang='lat' dir='ltr'><strong>Campaniae</strong></span> <span class='ocrx_word' id='word_1_195' title='bbox 517 2269 620 2300; x_wconf 84' lang='lat' dir='ltr'><strong>rure</strong></span> <span class='ocrx_word' id='word_1_196' title='bbox 648 2253 884 2299; x_wconf 85' lang='lat' dir='ltr'><strong>Liternino</strong></span> <span class='ocrx_word' id='word_1_197' title='bbox 901 2290 916 2310; x_wconf 91' lang='lat'><strong>,</strong></span> <span class='ocrx_word' id='word_1_198' title='bbox 944 2251 1173 2314; x_wconf 86' lang='lat' dir='ltr'><strong>majorque</strong></span> <span class='ocrx_word' id='word_1_199' title='bbox 1201 2253 1333 2298; x_wconf 81' lang='lat' dir='ltr'><strong>etiam</strong></span> <span class='ocrx_word' id='word_1_200' title='bbox 1363 2252 1425 2299; x_wconf 87' lang='lat' dir='ltr'><strong>fa-</strong></span> 
     </span>
     <span class='ocr_line' id='line_1_30' title="bbox 151 2325 1425 2390; baseline -0.003 -15"><span class='ocrx_word' id='word_1_201' title='bbox 151 2345 267 2376; x_wconf 84' lang='lat' dir='ltr'><strong>vore</strong></span> <span class='ocrx_word' id='word_1_202' title='bbox 298 2327 532 2374; x_wconf 87' lang='lat' dir='ltr'><strong>hominum</strong></span> <span class='ocrx_word' id='word_1_203' title='bbox 553 2363 566 2384; x_wconf 88' lang='lat'><strong>,</strong></span> <span class='ocrx_word' id='word_1_204' title='bbox 596 2326 813 2390; x_wconf 86' lang='lat' dir='ltr'><strong>quoniam</strong></span> <span class='ocrx_word' id='word_1_205' title='bbox 847 2326 991 2389; x_wconf 84' lang='lat' dir='ltr'><strong>ipsum</strong></span> <span class='ocrx_word' id='word_1_206' title='bbox 1017 2325 1218 2372; x_wconf 86' lang='lat' dir='ltr'><strong>Africani</strong></span> <span class='ocrx_word' id='word_1_207' title='bbox 1249 2325 1425 2373; x_wconf 80' lang='lat' dir='ltr'><strong>colebat</strong></span> 
     </span>
     <span class='ocr_line' id='line_1_31' title="bbox 151 2397 1420 2461; baseline -0.003 -16"><span class='ocrx_word' id='word_1_208' title='bbox 151 2400 367 2447; x_wconf 74' lang='lat' dir='ltr'><strong>exsilium.</strong></span> <span class='ocrx_word' id='word_1_209' title='bbox 417 2399 502 2445; x_wconf 86' lang='lat' dir='ltr'><strong>Sed</strong></span> <span class='ocrx_word' id='word_1_210' title='bbox 534 2399 754 2456; x_wconf 83' lang='lat' dir='ltr'><strong>maxima,</strong></span> <span class='ocrx_word' id='word_1_211' title='bbox 791 2397 983 2461; x_wconf 82' lang='lat' dir='ltr'><strong>ejusdem</strong></span> <span class='ocrx_word' id='word_1_212' title='bbox 1025 2397 1219 2443; x_wconf 87' lang='lat' dir='ltr'><strong>Stheneli</strong></span> <span class='ocrx_word' id='word_1_213' title='bbox 1257 2412 1420 2458; x_wconf 88' lang='lat' dir='ltr'><strong>opera,</strong></span> 
     </span>
     <span class='ocr_line' id='line_1_32' title="bbox 149 2467 1420 2532; baseline -0.002 -14"><span class='ocrx_word' id='word_1_214' title='bbox 149 2471 389 2520; x_wconf 86' lang='lat' dir='ltr'><strong>Rhemmio</strong></span> <span class='ocrx_word' id='word_1_215' title='bbox 419 2470 689 2532; x_wconf 78' lang='lat' dir='ltr'><strong>Palaemoni,</strong></span> <span class='ocrx_word' id='word_1_216' title='bbox 715 2470 820 2519; x_wconf 81' lang='lat' dir='ltr'><strong>alias</strong></span> <span class='ocrx_word' id='word_1_217' title='bbox 846 2470 1147 2520; x_wconf 81' lang='lat' dir='ltr'><strong>Grammatica</strong></span> <span class='ocrx_word' id='word_1_218' title='bbox 1179 2480 1272 2520; x_wconf 76' lang='lat' dir='ltr'><strong>arte</strong></span> <span class='ocrx_word' id='word_1_219' title='bbox 1301 2467 1420 2516; x_wconf 89' lang='lat' dir='ltr'><strong>cele-</strong></span> 
     </span>
    </p>
   </div>
  </div>
 </body>
</html>
