1653 2797
244 183 888 244 NATUR.‘H'13†OR‘.
924 185 1064 241 ΜΒ.
1097 185 1261 241 xvi.
1334 187 1426 255 '107

140 304 395 364 nascentis,
425 303 510 350 flos
533 300 746 366 gaudium
767 300 994 348 arborum.
1017 304 1150 350 Tunc
1185 291 1226 349 se
1247 318 1342 349 nov
1333 292 1427 359 ἐπες

146 375 334 440 aliasque
348 388 486 453 quam
524 371 648 430 sunt,
679 370 945 418 ostendunt:
981 383 1088 418 tunc
1125 373 1263 419 variis
1282 372 1426 418 colo-

145 465 246 495 rum
273 443 482 510 piffiiris
471 461 518 490 1n
540 456 763 490 certamen
790 441 929 505 usque
951 443 1198 491 luxuriant
1224 445 1309 491 Sed
1332 444 1426 491 hoo

146 530 353 583 negatum
382 514 614 579 plerisque.
652 516 762 561 Non
797 514 916 560 enim
951 530 1108 561 omnes
1145 515 1336 562 flor.ent
1375 516 1428 562 ὅτ.

134 586 247 638 ¹sunt
273 589 414 636 tristes
444 588 672 651 quaedam,
703 600 894 651 quaeque
926 604 1022 632 non
1052 587 1244 633 sentiant
1271 589 1431 650 gaudia

147 653 390 710 annorumss
425 663 541 708 Nam
574 677 720 724 neque
752 660 842 706 ilex
861 696 874 718 ‚
908 661 1034 723 picea
1052 697 1081 723 ⁹.
1101 660 1237 718 larix,
1264 662 1396 724 pinus
1415 696 1432 719 ‚

145 735 243 781 ullo
264 735 378 780 flore
395 733 731 791 exhilarantur,
764 732 988 780 natalesve
1007 750 1252 796 pomorum
1273 751 1434 780 recur-
1498 790 1502 795 λ

144 806 213 854 sus
252 823 428 853 annuos
480 804 750 853 versicolori
794 805 955 851 nuntio
999 805 1302 868 promittunt:
1345 823 1431 852 nec

144 879 248 937 fici,
277 891 410 943 atque
433 877 646 941 caprifici.
681 878 890 924 Protinus
921 879 1041 924 enim
1070 877 1261 925 frufihim
1293 877 1431 925 flores

142 953 350 1016 gignunt.
396 955 446 998 In
480 950 576 998 ficis
613 951 835 997 mirabiles
874 949 974 997 sunt
1016 953 1067 999 &
1105 951 1319 1011 abortus,
1352 950 1433 1015 qui

141 1039 380 1090 {nunquam
409 1023 724 1071 maturescunt.
752 1025 849 1070 Nec
870 1022 1068 1087 juniperi
1094 1024 1273 1071 florent.
1308 1024 1432 1084 Qui-

140 1098 248 1144 'dam
283 1114 433 1144 earum
463 1096 553 1141 duo
584 1111 747 1159 genera
779 1095 988 1142 tradunt:
1029 1096 1212 1142 alteram
1238 1096 1433 1155 florere,

142 1187 231 1216 nec
265 1169 399 1216 ferre:
434 1186 536 1232 quae
570 1183 684 1214 vero
713 1184 809 1216 non
840 1166 1029 1227 floreat,
1075 1167 1189 1215 ferre
1222 1170 1434 1231 protinus

144 1242 297 1289 baccis
331 1240 641 1296 nascentibus,
678 1256 778 1302 quae
804 1240 990 1287 biennio
1022 1241 1233 1287 haereant.
1266 1242 1352 1287 Sed
1385 1241 1435 1289 id

144 1315 334 1362 falsum:
366 1312 664 1375 omnibusque
694 1314 746 1360 iis
778 1314 887 1360 dura
917 1314 1051 1361 facies
1075 1314 1258 1378 semper.
1290 1315 1363 1363 Sic
1383 1317 1434 1363 &

143 1388 387 1435 hominum
417 1387 568 1434 multis
594 1385 775 1433 fortuna
800 1386 890 1433 fine
914 1387 1028 1434 flore
1058 1387 1133 1435 est.

214 1465 329 1510 XLI.
356 1464 529 1508 Omnes
562 1473 711 1507 autem
745 1461 1025 1524 germinant,
1058 1463 1186 1508 etiam
1223 1462 1300 1525 qui
1335 1478 1432 1508 non

140 1536 341 1594 florent,
359 1552 519 1599 magna
538 1536 587 1581 &
606 1534 817 1580 locorum
836 1533 1097 1582 differentia.
1119 1534 1306 1598 Quippe
1330 1552 1432 1581 cum

140 1627 207 1658 -ex
233 1609 393 1656 eodem
415 1624 574 1672 genere
610 1625 713 1671 quae
745 1606 844 1653 sunt
870 1607 917 1653 in
949 1607 1242 1671 palustribus,
1277 1607 1433 1671 priora

152 1682 439 1747 germinent:
472 1698 583 1727 mox
612 1680 870 1743 campestria
889 1717 903 1739 ,
941 1681 1180 1728 noviffima
1209 1681 1255 1727 in
1293 1681 1432 1728 silvis.

150 1758 233 1802 Per
263 1755 304 1802 se
335 1767 482 1802 autern
519 1754 681 1800 tardius
718 1754 806 1816 piri
832 1754 1079 1813 silvestres,
1110 1771 1243 1817 quam
1270 1767 1434 1801 cetera.

138 1828 304 1874 Primo
338 1828 547 1878 Favonio
585 1842 752 1873 cornus
773 1863 785 1884 ‚
818 1827 1026 1889 proxime
1062 1827 1231 1884 laurus,
1271 1827 1432 1890 paulo-

141 1919 238 1966 que
266 1915 368 1949 ante
396 1901 715 1965 aequinoffium
740 1901 858 1958 tilia,
887 1917 1003 1948 acer.
1023 1902 1142 1946 Inter
1161 1900 1325 1963 primas
1345 1917 1432 1946 ve-

154 1992 208 2022 ro
243 1975 467 2038 populus,
499 1975 673 2033 ulmus,
711 1974 846 2033 salix,
873 1974 999 2020 alnus
1018 2010 1031 2033 ,
1062 1990 1210 2020 nuces.
1243 1972 1435 2020 Festinat

153 2050 203 2096 &
235 2049 453 2111 platanus.
495 2050 669 2095 Ceterae
700 2065 808 2095 vere
845 2059 1058 2111 coepturo
1077 2083 1091 2105 ‚
1129 2046 1433 2111 aquifolium,

153 2121 454 2179 terebinthus,
484 2121 710 2184 paliurus,
739 2120 967 2178 castanea,
1001 2119 1193 2184 glandes.
1221 2119 1439 2165 Serotino‘

153 2209 300 2240 autem
319 2195 515 2258 germine
531 2193 695 2252 malus,
719 2193 962 2240 tardissimo
981 2193 1121 2240 suber.
1150 2192 1435 2253 Quibusdam

153 2267 426 2331 germinatur
459 2267 754 2330 germinatio,
799 2266 936 2313 nimia
975 2266 1059 2313 soli
1094 2266 1322 2322 ubertate,
1359 2274 1435 2309 aut

154 2340 391 2387 invitantis
420 2341 516 2386 caeli
559 2341 798 2404 voluptate
815 2349 836 2387 ε·
862 2340 987 2404 quod
1029 2339 1167 2402 magis
1201 2338 1248 2382 in
1285 2336 1434 2382 herbis

153 2413 350 2477 segetum
382 2413 552 2461 evenit·
581 2416 631 2460 In
661 2412 900 2461 arboribus
923 2426 1072 2461 tamen
1104 2410 1242 2459 nimia
1269 2409 1434 2476 germi-

152 2486 277 2532 natio
311 2485 533 2533 elaffescit.
