1653 2797
223 214 508 262 NATUR.
544 211 870 259 HISTOR.
903 215 1033 262 LI‘B.
1074 216 1253 263 XVII.
1324 232 1411 277 213

207 339 276 370 10.
309 324 485 381 Necant
512 320 712 367 invicem
739 319 855 366 inter
882 321 968 368 sese
993 323 1179 382 umbra,
1207 323 1286 370 vel
1309 324 1417 370 den-

133 396 286 455 fitam,
311 408 444 460 atque
473 394 672 440 alimenti
702 395 872 456 rapina.
912 397 1054 442 Necat
1079 399 1129 445 &
1158 398 1286 444 edera
1313 397 1416 445 vin-

135 469 273 516 ciens.
321 470 419 515 Nec
449 465 620 514 viscum
640 466 843 529 prodest:
866 469 915 515 &
933 468 1100 531 cytisus
1133 482 1316 516 necatur
1335 486 1419 528 eo,

137 543 264 607 quod
286 541 488 587 halimon
522 555 694 588 vocant
727 542 890 588 Graeci.
929 543 1232 601 Quorundam
1267 557 1420 591 natura

134 632 231 668 non
251 625 382 661 necat
403 614 609 677 quidem,
628 612 700 659 sed
725 614 845 661 laedit
868 615 1036 673 odore,
1056 627 1133 662 aut
1154 616 1271 664 succi
1298 618 1419 664 mix-

134 702 264 734 tura:
306 697 357 732 ut
397 686 651 748 raphanus,
697 685 746 732 &
775 685 951 745 laurus,
985 688 1141 735 vitem.
1194 688 1418 735 Olfachix

131 758 254 805 enim
290 757 586 820 intelligitur,
613 757 664 804 δε
699 757 822 821 tangi
855 758 998 805 odore
1033 759 1198 805 mirum
1233 761 1279 806 in
1311 777 1416 807 mo-

133 830 266 878 dum:
292 831 397 878 ideo
428 848 531 877 cum
551 828 678 892 juxta
702 830 752 876 fit
766 866 781 890 ‚
804 832 1016 879 averti&
1033 833 1269 891 recedere,
1290 832 1418 894 sapo-

135 920 318 967 remque
342 903 574 950 inimicum
600 902 766 967 fugere.
801 904 919 952 Hinc
943 905 1091 951 sumsit
1114 906 1421 970 Androcydes

132 977 402 1024 medicinam
438 990 599 1022 contra
625 975 858 1023 ebrietates
874 1013 887 1035 ,
915 976 1134 1039 raphanus
1158 989 1208 1023 ut
1233 978 1421 1024 manda-

132 1060 208 1095 tur
240 1049 520 1112 praecipiens.
574 1048 686 1094 Odit
718 1050 767 1096 &
797 1049 969 1096 caulem
989 1085 1003 1107 ‚
1035 1051 1085 1097 &
1117 1050 1216 1097 olus
1249 1067 1383 1097 omne
1406 1069 1420 1098 ε

133 1121 235 1168 odit
264 1123 313 1169 &
350 1122 592 1186 corylum3
631 1120 678 1166 ni
709 1122 869 1183 procul
909 1122 1083 1180 absint,
1117 1123 1249 1170 tristis
1286 1137 1423 1188 atque

135 1211 264 1258 aegra.
301 1194 483 1241 Nitrum
511 1193 689 1257 quidem
713 1195 761 1241 ὅ(
783 1194 959 1240 alumen
976 1231 989 1253 ‚
1009 1196 1178 1242 marina
1203 1213 1316 1260 aqua
1345 1214 1424 1243 ca-

134 1265 250 1324 lida,
282 1267 333 1313 δε
363 1264 476 1313 fabae
511 1264 772 1328 putamina,
796 1265 872 1312 vel
904 1266 1029 1325 ervi,
1056 1266 1214 1313 ultima
1241 1284 1421 1315 venena

134 1339 249 1388 sunt.

199 1413 457 1460 XXXVIII.
482 1416 602 1460 Inter
618 1413 728 1460 vitia
745 1414 957 1459 arborum
971 1412 1032 1459 est
1049 1414 1099 1462 &
1115 1414 1333 1478 prodigiis
1351 1414 1421 1460 lo-

132 1503 224 1533 cus.
246 1487 508 1533 Invenimus
529 1487 649 1532 enim
668 1486 758 1532 fine
782 1485 904 1532 foliis
923 1498 1046 1532 natas
1064 1504 1074 1532 ε
1095 1487 1237 1532 vitem
1259 1489 1308 1534 &
1328 1504 1422 1532 ma-

134 1560 229 1605 lum
247 1560 460 1607 Punicam
477 1559 608 1622 stirpe
627 1558 824 1605 frustum
841 1558 1002 1616 tulisse,
1017 1575 1113 1605 non
1128 1560 1328 1622 palmite,
1345 1573 1422 1607 aut

134 1632 296 1680 ramis:
327 1632 469 1679 vitem
483 1668 499 1690 ‚
522 1648 635 1679 uvas
659 1631 748 1677 fine
774 1631 925 1677 foliis:
955 1631 1076 1678 oleas
1104 1649 1288 1697 quoque
1309 1633 1422 1679 ami-2

134 1704 229 1752 fiffe
255 1704 366 1752 folia
397 1704 545 1752 baccis
576 1704 859 1751 haerentibus.
895 1705 1006 1750 Sunt
1026 1706 1075 1752 &
1094 1706 1306 1753 miracula
1324 1705 1423 1752 for-

135 1779 262 1826 tuita.
291 1779 408 1825 Nam
428 1779 477 1825 &
494 1777 620 1824 oliva
636 1777 683 1823 in
701 1789 848 1823 totum
865 1777 1063 1824 ambusta
1082 1779 1252 1826 revixit
1273 1797 1283 1825 :
1307 1781 1356 1827 &
1375 1780 1424 1826 in

134 1851 313 1898 Boeotia
342 1851 509 1898 derosae
528 1869 552 1897 a
575 1849 760 1898 locustis
786 1849 897 1898 ficus
917 1851 1080 1897 iterum
1101 1852 1424 1915 germinavere.

136 1924 377 1971 Mutantur
394 1923 576 1971 arbores
596 1923 646 1971 &
666 1922 847 1981 colore,
868 1922 1072 1987 fiuntque
1089 1940 1144 1970 ex
1165 1924 1299 1988 nigris
1320 1942 1423 1971 can-

134 1996 283 2054 didae,
317 2012 412 2043 non
452 1995 622 2058 semper
654 1994 945 2059 prodigiose:
986 2012 1052 2042 eae
1089 1997 1281 2043 maxime
1320 2014 1424 2060 quae

137 2084 194 2114 ex
230 2067 394 2115 semine
427 2066 663 2114 nascuntur
682 2103 696 2126 ,
728 2078 777 2114 ut
813 2066 1013 2130 populus
1050 2067 1149 2114 alba
1179 2067 1225 2113 in
1253 2068 1425 2132 nigram

136 2142 303 2190 tranfit.
339 2141 539 2202 Quidam
560 2142 610 2189 &
631 2140 841 2198 sorbum,
862 2140 893 2187 fi
912 2141 959 2187 in
984 2140 1199 2188 calidiora
1219 2141 1321 2189 loca
1340 2159 1429 2189 ve—⁴

142 2208 571 2274 nerit‚'sterilescere
595 2224 770 2276 putant.
807 2213 1022 2277 Prodigio
1053 2225 1201 2261 autem
1231 2211 1345 2260 fiunt
1367 2230 1424 2259 ex

139 2286 342 2335 dulcibus
383 2286 537 2334 acerba
575 2303 744 2349 poma,
778 2297 854 2333 aut
887 2285 1034 2333 dulcia
1068 2303 1125 2332 ex
1163 2285 1365 2343 acerbis,
1402 2303 1427 2332 e

136 2358 350 2423 caprifico
381 2358 484 2406 fici:
515 2372 589 2406 aut
618 2371 806 2407 contra:
847 2359 975 2424 gravi
1009 2359 1186 2406 ostento
1204 2394 1217 2417 ,
1242 2376 1345 2405 cum
1376 2358 1425 2405 in

137 2432 360 2479 deteriora
383 2444 609 2478 mutantur
627 2468 640 2490 ‚
665 2450 721 2480 ex
747 2432 847 2480 olea
869 2432 917 2478 in
939 2431 1180 2478 oleastrum
1196 2467 1209 2489 ‚
1237 2447 1291 2477 ex
1315 2448 1424 2477 can-2

135 2506 237 2560 dida
264 2523 355 2556 uva
382 2507 431 2555 &
457 2503 548 2553 fico
566 2540 580 2565 ,
603 2505 650 2552 in
679 2522 828 2570 mgras
850 2524 860 2553 ε
891 2518 942 2552 ut
975 2506 1208 2551 Laodiceae
1222 2540 1237 2562 ,
1260 2503 1427 2551 Xerxis

1099 2580 1142 2622 O
1182 2592 1201 2637 3
