1653 2797
321 181 1262 234 NATUR.H15TOR.L113.XX.
1377 199 1465 249 425

190 294 343 342 liendo
375 306 536 343 ventre
562 294 722 340 dictam
749 303 906 356 putant
935 291 1178 339 malachen.
1203 295 1238 339 E
1259 291 1472 340 silvestri-

190 367 270 414 bus
289 403 304 425 ‚
339 367 414 414 cui
452 366 615 431 grande
645 364 812 411 folium
842 366 893 412 &
918 365 1087 413 radices
1127 366 1265 425 albae,
1309 366 1469 414 althaea

190 451 414 498 vocatur,
435 440 490 486 ab
520 436 787 485 excellentia
815 437 1022 486 effectus:
1055 456 1080 486 a
1109 438 1370 503 quibusdam
1386 439 1471 502 pli-

189 511 396 576 stolycia.
429 512 580 558 Omne
600 509 778 570 solum,
799 510 847 557 in
879 527 973 575 quo
1007 511 1229 571 serantur,
1262 511 1474 576 pinguius

191 583 376 631 faciunt.
413 584 532 630 Huic
564 595 723 631 contra
766 600 923 631 omnes
961 583 1188 631 aculeatos
1221 585 1330 632 iiius
1372 585 1471 631 effi-

190 673 274 703 cax
310 655 409 714 vis,
444 656 671 719 praecipue
701 655 1024 720 scorpionum,
1053 655 1319 719 vesparum,
1350 657 1475 703 fimi-

188 729 387 792 liumque
404 765 418 788 ‚
445 732 495 777 &
526 729 661 776 muris
681 729 845 776 aranei.
887 729 1016 790 Quin
1035 729 1087 776 &
1110 730 1214 776 trita
1235 748 1339 778 cum
1363 731 1472 778 oleo

189 803 390 868 qualibet
429 821 578 851 earum
609 805 813 867 peruncti
845 816 976 863 ante,
1005 804 1083 851 vel
1116 805 1328 852 habentes
1367 822 1438 852 eas
1458 842 1475 866 ,

190 894 286 924 non
304 877 539 925 feriuntur.
563 877 740 924 Folium
763 877 1021 941 impositum
1040 876 1356 941 scorpionibus
1378 893 1474 924 tor·

190 968 348 1014 porem
390 951 529 998 affert.
568 951 731 997 Valent
767 953 817 998 &
854 961 1014 998 contra
1048 967 1240 998 venena.
1278 951 1475 998 Aculeo‘s

190 1015 347 1072 omnes
366 1024 607 1072 extrahunt
626 1024 751 1070 illitae
771 1023 920 1071 crudae
941 1041 1043 1070 cum
1070 1023 1192 1070 nitro
1213 1042 1223 1069 :
1250 1036 1373 1086 potae
1395 1041 1475 1071 ve-

189 1114 243 1144 ro
264 1099 460 1145 decoftae
492 1115 594 1144 cum
614 1098 762 1145 radice
784 1096 857 1143 sua
872 1132 886 1155 ,
915 1095 1084 1159 leporis
1104 1096 1266 1143 marini
1297 1113 1475 1144 venena

189 1169 493 1235 restinguunt:
525 1171 575 1217 &
598 1183 648 1217 ut
675 1170 858 1234 quidam
890 1169 1048 1216 dicunt
1065 1204 1078 1227 ‚
1100 1168 1131 1215 fi
1153 1185 1381 1218 vomatur.

254 1245 329 1291 De
348 1243 512 1299 ,iisdem
543 1243 653 1290 mira
673 1245 723 1291 &
743 1243 828 1290 alia
851 1243 1099 1289 traduntur.
1137 1243 1223 1288 Sed
1250 1243 1474 1301 maxime,

190 1315 220 1362 fi
255 1316 460 1380 quotidie
493 1316 591 1379 quis
627 1315 746 1363 succi
779 1332 836 1361 ex
869 1315 1068 1378 qualibet
1107 1332 1260 1362 earum
1296 1315 1473 1362 sorbeat

190 1389 412 1454 cyathum
452 1389 715 1448 dimidium,
748 1389 960 1436 omnibus
999 1389 1170 1437 morbis
1214 1392 1472 1436 cariturum.

187 1461 384 1510 Hulcera
414 1462 640 1510 manantia
667 1463 713 1508 in
745 1463 889 1525 capite
918 1462 1073 1508 sanant
1092 1462 1139 1507 in
1167 1461 1297 1508 urina
1319 1477 1471 1524 putre-

189 1534 336 1594 factae,
367 1535 565 1583 lichenas
597 1538 646 1584 &
679 1536 859 1583 hulcera
895 1534 989 1581 oris
1022 1552 1126 1581 cum
1150 1534 1295 1580 melle.
1326 1534 1474 1579 Radix

190 1607 401 1666 dec0&a‚
424 1607 631 1664 'furfures
667 1607 824 1669 capitis
860 1608 911 1652 &
946 1605 1148 1652 dentium
1181 1604 1472 1652 mobilitates.

186 1682 295 1743 Ejus
315 1718 329 1740 ,
365 1700 466 1746 quae
491 1699 631 1728 unum
664 1680 838 1728 caulem
867 1681 1000 1728 habet
1032 1681 1182 1728 radice
1213 1681 1331 1728 circa
1359 1683 1473 1728 den-

187 1765 280 1800 tem
307 1755 386 1817 qui
406 1753 556 1800 doleat
582 1765 814 1817 pungunt,
835 1753 983 1800 donec
1000 1754 1169 1809 desinat
1198 1753 1347 1800 dolor.
1382 1756 1471 1801 Ea-

189 1825 292 1871 dem
321 1825 505 1873 strumas
528 1827 578 1873 &
612 1825 840 1889 parotidas
867 1824 1098 1889 panosque
1115 1861 1128 1884 ‚
1158 1826 1306 1873 addita
1325 1827 1474 1874 homi-

189 1898 257 1944 nis
278 1897 416 1946 saliva
434 1935 448 1955 ,
481 1911 640 1963 purgat
661 1899 773 1946 citra
794 1899 980 1946 vulnus.
1017 1900 1174 1946 Semen
1194 1900 1240 1947 in
1260 1901 1376 1948 vino
1401 1901 1473 1948 ni-

189 1989 271 2036 gro
292 1983 452 2035 potum
473 1990 496 2018 a
514 1973 673 2035 pituita
693 1974 744 2020 &
767 1972 936 2020 nauseis
958 1973 1130 2021 liberat.
1158 1974 1306 2021 Radix
1334 1993 1473 2021 mam-

189 2062 362 2091 marum
401 2045 527 2096 vitiis
570 2045 809 2105 occurrit,
850 2045 1081 2110 adalligata
1112 2048 1159 2094 in
1192 2047 1291 2095 lana
1332 2049 1472 2112 nigra.

189 2118 359 2165 Tussim
389 2117 434 2164 in
461 2118 570 2164 laEle
598 2119 755 2176 coila,
783 2121 833 2166 ὅ(
861 2118 1122 2168 sorbitionis
1141 2123 1282 2169 modo
1307 2121 1473 2180 sumta,

190 2192 339 2255 quinis
371 2192 527 2240 diebus
556 2193 775 2240 emendat.
814 2194 1059 2242 Stomacho
1093 2195 1272 2243 inutiles
1295 2196 1472 2243 Sextius

190 2266 330 2329 Niger
346 2266 467 2315 dicit.
489 2267 730 2332 Olympias
743 2268 964 2315 Thebana
980 2305 994 2327 ‚
1014 2269 1244 2317 abortivas
1264 2271 1345 2316 effe
1369 2288 1472 2318 cum

189 2338 318 2402 adipe
349 2340 537 2388 anseris:
567 2341 702 2406 aliqui
724 2343 905 2407 purgari
925 2341 1112 2390 feminas
1130 2381 1144 2403 ‚
1173 2343 1294 2392 foliis
1321 2362 1470 2392 earum

190 2427 346 2458 manus
372 2412 514 2474 plenae
535 2413 738 2460 mensura
763 2414 809 2460 in
832 2414 936 2461 oleo
962 2417 1012 2463 &
1033 2415 1148 2462 vino
1169 2415 1330 2463 sumtis.
1370 2418 1470 2464 Uti-

191 2499 278 2547 que
317 2486 490 2534 constat
520 2488 812 2553 parturientes
859 2488 979 2538 foliis
1018 2489 1240 2538 substratis
1281 2490 1470 2538 celerius
