1653 2797
226 162 314 194 ἰ100
464 142 809 190 ΟΡΗΝΪῙ
859 139 1228 190 SECUNDI

217 254 381 303 curiit:
419 251 496 317 qui
537 268 639 298 cum
679 249 976 297 excellentior
1015 248 1131 307 fuit,
1164 267 1189 296 3
1223 248 1508 300 similitudine

218 329 376 376 caudae
407 341 644 389 pavonum
678 340 847 370 nomen
880 323 1082 386 accepit,
1112 323 1159 368 in
1189 323 1337 382 111113,
1368 325 1508 372 Rhae-

221 401 378 464 tiaque
403 397 695 462 praecipuum.
732 398 768 442 E
793 395 949 442 viliori
980 412 1140 459 genere
1157 431 1170 454 ,
1195 397 1509 445 crassivenium

226 483 433 518 vocatur.
485 468 637 516 Graeci
673 468 756 514 fitu
790 466 1060 514 discernunt.
1095 467 1355 530 Campestre
1391 469 1512 516 enim

224 544 466 591 candidum
495 542 601 601 effe,
625 559 708 588 nec
741 539 930 602 crispum
950 575 963 597 ,
984 540 1109 602 quod
1133 540 1290 604 glinon
1312 554 1512 590 vocant:

224 630 494 666 montanum
527 631 642 662 vero
674 613 886 676 crispius,
916 611 1183 676 duriusque:
1220 615 1460 662 etiamnum
1488 632 1513 664 e

227 689 421 737 mascula
447 688 630 750 crispius
657 688 711 734 ad
735 686 927 733 lautiora
959 702 1111 749 opera,
1149 686 1352 734 Tertium
1375 698 1518 752 genus'

224 763 405 827 zygiam
424 797 437 819 ‚
477 761 742 818 rubentem,
782 757 896 805 fiffili
933 758 1059 821 ligno
1082 795 1095 817 ‚
1126 759 1296 806 cortice
1333 760 1512 821 livido,

226 836 280 882 &
314 833 482 880 163111ηο
527 833 629 878 Hoc
664 830 738 876 alii
774 830 947 893 generis
981 829 1157 893 proprii
1190 831 1274 877 effe
1308 832 1514 892 malunt,

223 909 279 955 ὃ(
306 906 461 952 Latine
492 904 727 967 carpinum
755 903 994 966 appellant.

294 981 485 1027 XXVII.
518 977 872 1025 Pulcherrimum
901 993 1016 1024 vero
1039 976 1100 1023 est
1130 977 1367 1038 bruscum,
1396 976 1516 1031 mul-

228 1066 367 1116 toque
412 1050 702 1099 excellentius
743 1050 987 1097 etiamnum
1031 1050 1312 1099 molluscum.
1361 1054 1517 1101 Tuber

228 1137 471 1187 utrumque
492 1123 666 1169 arboris
686 1121 805 1183 ejus:
839 1121 1046 1168 bruscum
1067 1123 1278 1170 intortius
1298 1124 1516 1188 crispum}

228 1196 497 1244 molluscum
526 1195 769 1258 simplicius
793 1194 1000 1257 sparsum.
1037 1197 1093 1241 Et
1113 1195 1144 1241 fi
1162 1197 1516 1260 magnitudinem

230 1269 481 1317 mensarum
515 1280 727 1332 caperet,
748 1267 869 1315 haud
905 1268 1037 1314 dubie
1069 1268 1354 1331 praeferretur
1384 1271 1518 1319 citro.

230 1344 368 1389 Nunc
386 1342 503 1388 intra
520 1341 757 1405 pugillares
771 1377 785 1398 ,
806 1340 1113 1404 1661011111111116
1142 1341 1332 1401 11116103,
1354 1354 1430 1390 3111
1448 1344 1516 1390 la-

231 1413 406 1469 11111133,
427 1428 530 1458 raro
561 1411 641 1457 usu
667 1411 899 1473 spectatur.
940 1414 976 1459 E
1003 1412 1165 1460 brusco
1189 1411 1302 1460 fiunt
1322 1415 1372 1462 &
1390 1432 1520 1462 men·

233 1487 290 1534 sae
315 1485 627 1549 nigrescentes.
661 1485 901 1547 Reperitur
928 1488 978 1533 &
1000 1486 1047 1532 in
1071 1487 1179 1533 alno
1205 1488 1363 1536 tuber:
1389 1501 1518 1538 tanto

232 1563 456 1620 deterius,
479 1572 647 1625 quanto
671 1560 725 1606 ab
747 1576 873 1607 acere
901 1560 1029 1606 alnus
1061 1559 1151 1623 ipsa
1183 1560 1324 1607 distat.
1361 1563 1518 1610 Aceris

234 1653 377 1683 mares
404 1635 525 1699 prius
545 1634 727 1680 florent.
762 1631 1018 1679 Etiamnum
1041 1632 1087 1677 in
1111 1632 1236 1679 ficcis
1264 1645 1379 1679 natae
1406 1651 1522 1697 prae-

234 1709 440 1756 feruntur
476 1705 723 1771 aquaticis,
754 1704 865 1751 ficut
896 1705 946 1752 &
979 1703 1156 1751 fraxini.
1206 1703 1280 1752 Est
1315 1706 1366 1752 &
1400 1717 1522 1752 trans

238 1782 371 1845 Alpes
414 1782 576 1840 arbor,
612 1779 833 1826 simillima
873 1780 992 1826 aceri
1032 1779 1136 1826 albo
1171 1779 1387 1839 materia,
1420 1799 1522 1845 quae

237 1868 431 1903 vocatur
465 1853 897 1917 staphylodendron.
941 1855 1042 1899 Fert
1075 1851 1280 1918 siliquas,
1309 1854 1360 1901 &
1390 1853 1438 1900 in
1468 1853 1523 1902 iis

237 1929 457 1983 nucleos,
494 1928 649 1990 sapore
689 1926 817 1974 nucis
855 1925 1087 1974 avellanae.

301 2001 512 2046 XXVIII.
547 2002 592 2046 In
626 1999 782 2062 primis
805 2016 920 2046 vero
951 1999 1156 2046 materies
1181 2001 1407 2047 honorata
1435 2001 1521 2047 bu-

238 2088 300 2119 xo
321 2072 410 2130 est,
430 2089 532 2118 raro
567 2073 807 2135 crispanti,
834 2090 916 2120 nec
950 2073 1031 2119 nifi
1057 2073 1231 2120 radice:
1272 2084 1423 2120 cetero
1450 2072 1518 2120 le—

239 2146 308 2192 nis
328 2147 452 2210 quies
480 2147 701 2204 materiae,
723 2147 898 2194 silentio
931 2147 1157 2210 quodam,
1179 2149 1229 2194 δε
1249 2146 1444 2206 duritie,
1466 2160 1518 2194 ac

239 2218 413 2298 pallore
456 2219 858 2265 commendibilis:
897 2219 944 2264 in
983 2217 1073 2281 ipsa
1105 2236 1219 2266 veio
1251 2218 1411 2265 arbore
1443 2233 1521 2264 10-

242 2290 391 2352 piario
429 2307 579 2353 opere.
617 2291 727 2336 Tria
763 2289 858 2351 ejus
891 2307 1083 2354 genera:
1117 2291 1369 2350 Gallicum,
1400 2290 1522 2353 quod

241 2362 287 2406 in
317 2374 455 2410 metas
481 2361 698 2410 emittitur
714 2399 726 2417 ,
748 2362 1175 2426 amplitudinemque
1199 2362 1524 2425 proceriorem.

244 2435 500 2485 Oleastrum
534 2436 580 2483 111
613 2435 738 2483 0111111
771 2434 850 2482 usu
880 2436 1165 2494 damnatum,
1188 2451 1374 2499 gravem
1403 2452 1524 2498 prae·
