1653 2797
250 144 342 177 210
411 135 413 137 ·
477 115 568 174 c,
605 124 863 173 PLINII
900 121 1270 171 secu-Nm

251 237 301 285 so
339 237 431 283 {flu
469 232 755 282 verberavit:
803 231 880 281 vel
923 231 1055 279 etiam
1098 230 1330 279 subarator
1357 230 1528 297 'impru-

250 311 359 356 dens
396 307 574 355 luxavit
607 305 808 363 radices,
838 304 1063 367 corpusve
1095 303 1416 367 desquamavit.
1455 304 1531 351 Est

247 386 298 432 ὃ(
319 383 520 448 quaedam
545 381 752 429 contusio
782 378 907 427 falcis
938 375 1195 425 hebetioris.
1231 376 1408 437 Quibus
1427 394 1531 435 omo

246 458 378 503 nibus
412 456 550 503 caufis
579 453 804 501 difficilius
842 453 1040 498 tolerant
1072 450 1241 514 frigora
1269 462 1350 497 -aut
1377 449 1535 497 aestus:

247 528 468 592 quoniam
491 527 539 572 in
571 526 731 573 hulcus
761 534 964 587 penetrat
992 523 1142 568 omnis
1168 540 1194 568 a
1217 521 1332 568 foris
1356 520 1534 583 injuria.

247 600 542 648 Infirmiffima
582 615 697 646 vero
742 597 912 654 malus,
943 595 1226 658 maximeque
1258 611 1358 657 quae
1391 592 1535 640 dulcis

248 673 326 722 est.
359 669 640 735 Quibusdam
662 671 863 717 debilitas
897 667 1193 726 sterilitatem,
1221 678 1318 713 non
1344 682 1500 713 necem
1519 699 1535 724 ,

251 746 410 796 affert:
437 757 486 791 ut
522 744 553 789 si
584 743 683 806 quis
714 741 826 804 pino
856 754 1074 786 cacumen
1104 736 1300 796 auferat,
1326 738 1403 784 vel
1434 736 1535 800 pal-

250 836 364 865 maez
409 816 682 863 sterilescunt
710 813 859 869 enim,
881 829 963 858 nec
991 810 1261 857 moriuntur.
1297 810 1538 874 AEgrotant

252 890 499 953 aliquando
527 891 578 947 &
608 903 746 949 poma
774 884 865 947 ipsa
893 901 971 947 per
1000 882 1041 928 se
1070 883 1160 928 sine
1190 882 1379 940 arbore,
1402 882 1435 927 fi
1459 898 1537 928 ne-

254 960 448 1008 ceffariis
479 957 757 1020 temporibus
784 956 946 1002 imbres
969 964 1046 1000 aut
1071 965 1250 1015 tepores
1272 953 1349 999 vel
1367 953 1540 999 afflatus

252 1033 432 1080 defuere
450 1067 465 1090 ,
495 1043 569 1077 aut
607 1041 766 1077 contra
799 1029 1115 1075 abundavere:
1145 1027 1359 1073 decidunt
1393 1027 1540 1084 enim,

253 1117 330 1152 aut
356 1103 577 1150 deteriora
604 1101 730 1147 fiunt.
762 1100 995 1146 Pesiimum
1017 1098 1078 1145 est
1098 1100 1214 1145 inter
1233 1098 1384 1145 omnia
1399 1115 1541 1159 ,cum

255 1175 626 1223 deflorescentem
662 1174 804 1220 vitem
844 1175 893 1220 &
930 1172 1080 1217 oleam
1122 1171 1333 1234 percuffit
1367 1171 1539 1238 imber,

257 1249 476 1313 (limniassz
507 1247 634 1294 simul
662 1246 819 1292 dessuit
845 1245 1025 1291 fruelus.

326 1339 370 1382 7⁷.
403 1321 517 1366 Sunt
541 1337 598 1366 ex
626 1319 777 1365 eadem
806 1317 933 1364 causa
961 1315 1188 1364 nascentes
1213 1317 1263 1363 &
1284 1331 1453 1375 erucae,
1472 1314 1542 1362 di·—

258 1410 359 1440 rum
372 1391 562 1449 animal,
585 1390 870 1453 eroduntque
890 1388 1120 1447 frondem,
1133 1388 1230 1435 aliae
1250 1387 1434 1446 florem,
1455 1387 1543 1434 oli-

260 1480 425 1510 ‘varum
450 1479 638 1525 quoque
655 1498 669 1520 ,
690 1474 739 1508 ut
769 1461 816 1506 in
844 1461 1008 1507 Mileto
1035 1479 1044 1507 :
1072 1478 1126 1507 ac
1157 1459 1376 1523 depastam
1405 1460 1544 1506 arbo—

259 1552 356 1582 rem
392 1535 514 1597 turpi
550 1533 663 1580 facie
694 1533 967 1595 relinquunt.
1014 1532 1223 1579 Nascitur
1255 1532 1348 1579 hoc
1377 1532 1544 1579 malum

261 1623 421 1672 tepore
446 1607 662 1665 humido,
692 1607 743 1653 δε
771 1606 911 1651 lento.
960 1607 1027 1653 Fit
1062 1606 1181 1652 aliud
1210 1623 1266 1651 ex
1295 1606 1486 1664 eodem,
1511 1605 1546 1652 fi

261 1683 341 1728 Sol
367 1681 516 1728 acrior
542 1679 763 1726 insecutus
790 1679 940 1732 inuffit
964 1679 1105 1742 ipsum
1132 1678 1324 1735 vitium,
1349 1678 1545 1742 ideoque

262 1753 475 1802 mutavit.
506 1752 578 1798 Est
604 1752 847 1799 etiamnum
877 1752 1098 1813 peculiare
1122 1750 1259 1798 olivis
1277 1753 1329 1797 &
1350 1750 1547 1808 vitibus,

265 1826 515 1892 (araneum
531 1823 738 1887 vocant)
754 1840 857 1869 cum
873 1823 1019 1870 veluti
1037 1823 1137 1869 telae
1158 1823 1409 1870 involvunt
1427 1821 1545 1870 sruc-

265 1914 363 1948 tum
383 1935 398 1958 ,
419 1901 469 1946 &
496 1897 743 1945 absumunt.
781 1897 989 1943 Adurunt
1019 1899 1069 1944 &
1100 1896 1229 1943 flatus
1259 1897 1442 1960 quidam
1474 1912 1548 1943 eas

269 1969 493 2027 maxime,
517 1967 589 2014 sed
619 1969 670 2015 ὃς
695 1967 806 2014 alios
835 1964 1016 2012 fruetus.
1048 1965 1478 2013 Vermiculationem
1499 1967 1551 2014 &

267 2061 409 2106 poma
436 2041 528 2105 ipsa
551 2058 630 2105 per
658 2040 699 2088 se
731 2040 991 2105 quibusdam
1013 2042 1142 2101 annis
1169 2040 1389 2099 sentiunt,
1412 2039 1548 2098 mala,

268 2117 389 2180 pira,
423 2115 632 2178 mespila,
661 2115 842 2163 Punica.
885 2118 935 2162 In
966 2115 1094 2161 oliva
1130 2114 1315 2178 ancipiti
1344 2127 1548 2172 eventu,

270 2190 455 2255 quando
484 2189 562 2235 sub
591 2202 694 2236 cute
720 2191 810 2236 nati
833 2190 1024 2237 fru&um
1050 2190 1280 2236 adimunt:
1308 2202 1497 2254 augent,
1515 2188 1549 2234 fi

268 2263 318 2309 in
351 2261 447 2325 ipso
479 2261 642 2307 nucleo
672 2262 794 2308 fuere
829 2263 1065 2309 erodentes
1100 2278 1215 2308 eum.
1266 2262 1406 2325 Gigni
1444 2261 1548 2307 illos

271 2335 515 2399 prohibent
543 2335 737 2397 pluviae,
759 2352 858 2397 qua:
883 2334 999 2380 fiunt
1027 2334 1128 2397 post
1155 2335 1423 2381 Aramum:
1459 2350 1548 2379 eae-

272 2408 373 2455 dem
391 2407 422 2454 fi
443 2407 661 2454 Austrinae
676 2407 823 2466 fuere,
844 2419 1080 2473 generant,
1099 2409 1145 2455 in
1168 2408 1320 2471 drupis
1339 2423 1548 2473 quoque,
