1653 2797
283 130 566 180 NATUR.
603 129 913 178 H1s’roa.
949 131 1074 178 Lm.
1113 129 1261 178 x1v.
1360 146 1424 194 >27

148 239 295 289 Tanta
312 240 426 288 v‘ero
449 239 563 287 vino
588 240 752 285 Graeco
773 238 911 300 gratia
931 251 1045 298 erat,
1066 250 1118 286 ut
1139 237 1321 303 fingulae
1340 256 1428 302 po-

145 315 293 367 tiones
320 312 367 360 in
398 310 613 359 convictu
642 310 866 356 darentur.

212 389 358 435 XVII.
377 385 554 445 Quibus
574 383 694 432 vinis
720 384 957 432 au&oritas
981 385 1114 432 fuerit
1135 386 1244 433 sua
1234 404 1281 432 m
1299 403 1428 434 men-

145 459 218 519 sa,
245 461 308 507 M.
341 460 487 506 Varro
515 459 584 506 his
616 459 766 506 verbis
802 459 966 506 tradit.
999 461 1048 506 L.
1082 461 1290 508 Lucullus
1319 478 1430 524 puer

144 532 266 597 apud
296 543 467 596 patrem
498 518 730 597 nunquam
763 531 935 579 lautum
975 531 1246 579 convivium
1280 533 1428 592 vidit,

144 607 193 653 in
227 620 321 670 quo
351 604 451 669 plus
481 605 615 653 semel
647 608 858 653 Graecum
892 607 1054 654 vinum
1092 607 1280 654 daretur.
1333 606 1427 670 Ipse

142 695 250 726 cum
287 678 417 725 rediit
450 696 507 725 ex
542 678 669 738 Afia‚
704 678 843 725 millia
876 678 1037 725 cadum
1064 679 1112 724 in
1151 679 1429 742 congiarium

142 751 295 798 divifit
327 751 516 815 amplius
550 764 746 799 centum.
785 752 839 799 C.
864 751 1063 808 Sentius,
1094 767 1229 815 quem
1253 752 1428 797 Praeto-

144 840 240 870 rem
280 822 473 873 vidimus
491 860 505 883 ‚
537 824 703 870 Chium
741 824 903 871 vinum
943 824 1129 871 domum
1164 824 1290 871 suam
1326 823 1427 869 illa-

145 909 243 945 tum
272 897 447 945 dicebat
475 910 572 945 tum
604 899 821 961 primum,
850 917 952 946 cum
981 899 1061 944 fibi
1092 899 1298 945 cardiaco
1330 915 1426 944 me-

145 971 270 1020 dicus
298 971 491 1019 dedisset.
540 973 803 1019 Hortensius
835 971 964 1035 super
995 972 1148 1018 decem
1181 972 1320 1018 millia
1351 989 1430 1018 ca-

143 1044 254 1090 dfim
287 1043 440 1091 heredi
470 1044 663 1108 reliquit.
700 1045 922 1092 Hastenus
952 1047 1113 1091 Varro.
1150 1044 1303 1104 Quid?
1332 1061 1431 1090 non.

145 1119 198 1165 &
218 1117 367 1165 Caesar
399 1118 608 1165 Distat&
639 1118 857 1182 triumphi
886 1118 948 1164 sui
978 1135 1108 1165 coena
1128 1117 1228 1163 vini
1256 1117 1434 1176 Falerni,

145 1190 418 1254 amphoras,
439 1191 544 1237 Chii
569 1192 704 1239 cados
723 1192 769 1237 in
794 1191 1012 1238 convivia
1036 1189 1285 1237 distribuit?
1308 1190 1430 1236 Idem

147 1263 424 1327 Hispaniensi
466 1263 695 1327 triumpho
731 1265 899 1310 Chium
939 1266 988 1311 &
1024 1263 1256 1309 Falernum
1294 1263 1430 1311 dedit.

145 1339 295 1401 Epulo
327 1354 440 1386 vero
481 1337 528 1383 in
568 1338 702 1384 tertio
748 1336 981 1385 consulatu
1016 1335 1096 1383 suo
1115 1372 1127 1396 ,
1164 1336 1427 1394 Falernum,

145 1411 336 1470 Chium,
355 1410 564 1458 Lesbium
577 1447 591 1470 ‚
610 1411 924 1458 Mamertinum
946 1428 956 1456 ε
981 1425 1072 1473 quo
1097 1409 1292 1472 primum
1311 1424 1427 1456 tem-

145 1501 259 1549 pore
287 1496 482 1549 quatuor
505 1501 666 1548 genera
693 1485 792 1532 vini
823 1483 1022 1548 apposita
1049 1482 1234 1530 constat.
1271 1482 1430 1529 Postea

142 1574 254 1623 ergo
283 1558 368 1605 alia
399 1558 551 1604 omnia
578 1558 625 1604 in
658 1558 940 1606 nobilitatem
976 1571 1222 1616 venerunt,
1254 1556 1428 1605 circiter

144 1630 582 1695 septingentesimum
614 1631 748 1679 Urbis
783 1648 963 1678 annum.

209 1700 376 1750 XVIII.
413 1705 565 1767 Itaque
603 1721 698 1750 non
735 1703 901 1761 miror,
928 1702 1264 1750 innumerabilia
1298 1721 1426 1767 paene

145 1792 307 1841 genera
348 1773 490 1821 fiffitii
533 1787 706 1838 reperta
747 1775 898 1822 multis
947 1792 1048 1822 ante
1085 1775 1285 1835 seculis,
1325 1794 1425 1840 quae

145 1866 268 1895 nunc
305 1847 500 1896 dicemus
521 1883 534 1905 ‚
570 1848 722 1894 omnia
759 1848 815 1894 ad
849 1849 1080 1895 medicinae
1118 1849 1248 1896 usum
1285 1850 1427 1913 perti-

146 1921 310 1968 nentia.
345 1922 649 1984 Omphacium
669 1940 761 1987 quo
781 1923 923 1969 modo
943 1921 1095 1981 fieret,
1122 1937 1308 1986 propter
1339 1941 1426 1970 un-

145 2010 309 2061 guenta
328 2033 342 2055 ,
363 1997 552 2045 diximus
582 1998 732 2061 priore
756 1998 889 2046 libro.
936 1998 1003 2044 Fit
1036 2014 1060 2044 e
1088 1997 1284 2046 labrusca
1299 2035 1312 2057 ,
1333 1998 1424 2045 hoc

145 2068 228 2128 est,
248 2070 343 2117 vite
363 2070 575 2128 filvestri,
596 2071 723 2135 quod
743 2084 934 2118 vocatur
954 2070 1283 2118 oenanthinum.
1315 2071 1424 2118 Flo-

144 2158 212 2188 res
240 2141 334 2204 ejus
359 2143 480 2191 libris
505 2144 675 2192 duabus
704 2144 750 2191 in
775 2144 903 2191 musti
929 2144 1041 2191 cado
1069 2144 1301 2201 macerati,
1323 2144 1424 2207 post

147 2228 261 2260 ΧΧΧ
288 2214 380 2262 dies
405 2231 644 2264 mutantur.
681 2218 843 2264 Praeter
872 2217 962 2263 hoc
990 2217 1115 2263 radix
1143 2215 1351 2263 labruscae
1372 2218 1423 2264 &

142 2288 259 2335 acini
294 2289 416 2335 coria
448 2289 697 2352 perficiunt.
751 2291 784 2337 Ii
825 2290 963 2353 paulo
998 2289 1236 2354 postquam
1279 2287 1425 2334 deflo-

145 2378 294 2420 ruere,
315 2361 531 2426 smgulare
555 2364 797 2410 remedium
830 2365 994 2410 habent
1018 2364 1073 2410 ad
1101 2361 1424 2425 refrigerandos

143 2438 190 2485 in
222 2437 391 2486 morbis
425 2453 671 2502 corporum
711 2439 923 2499 ardores,
953 2437 1236 2503 gelidiffima,
1271 2449 1322 2484 ut
1355 2436 1423 2484 fe-
