1653 2797
208 173 1182 249 NATUR.H15TOR.L1·B.XX.
1270 185 1373 237 417·

87 288 304 336 medetur.
340 285 566 350 Singultus
584 285 634 330 &
650 282 865 329 olfaffitm
885 283 1123 330 decostum
1139 317 1153 340 ‚
1180 293 1367 345 potum-

87 379 204 426 que,
229 360 412 407 inhibet.
433 355 567 403 Foliis
591 354 783 401 decoffis
811 355 972 418 digerit
995 356 1242 402 cruditates.
1262 357 1368 403 Suc·

87 452 169 482 cus
198 431 371 480 decosti
403 445 505 476 cum
537 426 642 490 apio
673 426 862 473 olfaitus
908 426 1254 474 sternutamenta
1294 430 1366 475 in-

88 506 226 554 hibet.
279 505 441 549 Potum
473 499 681 546 somnum
715 498 945 546 concitat:
981 499 1180 546 calculos
1207 501 1368 563 pellit:

89 576 370 628 vomitiones
390 573 572 621 cohibet
587 609 600 631 ,
623 574 672 620 &
693 572 1051 635 praecordiorum
1069 586 1283 622 tumores.
1313 578 1371 623 Et

86 651 322 715 pestorum
353 648 479 695 vitiis
502 684 515 706 ,
546 646 698 693 nervis
727 663 943 711 quoque,
977 647 1136 711 quibus
1166 649 1370 698 succinc-

86 735 183 770 tum
215 721 277 769 est
304 737 468 783 corpus
484 757 495 777 ‚
514 719 800 766 utiliffimum.
835 719 1017 766 Prodest
1042 722 1091 767 ὅ(
1110 722 1266 783 capitis
1288 723 1370 769 do·

86 796 263 845 loribus
293 793 494 844 instillari
534 793 715 840 succum
749 808 851 838 cum
885 791 990 839 oleo
1022 793 1210 841 decosli.
1259 796 1370 842 Non

87 870 211 917 aliud
239 867 393 914 utilius
424 867 574 913 ventri
605 866 656 912 &
686 864 902 910 intestinis
932 874 1122 927 putant:
1148 866 1251 913 ideo
1282 868 1369 932 dy-

87 941 315 990 sentericis
337 940 425 988 &
415 958 462 985 m
491 925 690 985 tenesmo
723 939 849 984 datur
882 937 1062 985 tostum.
1102 939 1254 1003 Aliqui
1289 942 1370 987 ad·-

88 1016 202 1063 dunt
225 1015 275 1062 &
294 1013 452 1076 opium
470 1048 484 1070 ‚
506 1011 696 1074 pilulis
687 1029 734 1056 m
764 1011 834 1057 die
863 1012 1000 1058 ternis
1026 1012 1168 1075 lupini
1194 1014 1369 1076 magni—

87 1089 244 1136 tudine
268 1088 315 1134 in
336 1086 431 1133 vini
454 1086 622 1150 cyatho
653 1084 816 1131 dilutis.
847 1084 1077 1132 Dieuches
1101 1087 1149 1133 &
1177 1087 1232 1132 ad
1253 1087 1370 1133 lum-

87 1161 256 1208 borum
285 1157 468 1205 dolores
498 1156 632 1204 succo
666 1156 764 1203 usus
791 1155 866 1203 est.
904 1157 1064 1203 Semen
1100 1157 1367 1222 hydropicis

87 1232 139 1279 &
177 1229 377 1279 coeliacis
407 1228 528 1275 dedit
556 1227 709 1274 tritum
738 1244 840 1274 cum
868 1242 1049 1277 menta:
1071 1231 1257 1278 Evenor
1292 1248 1366 1277 ra-

87 1303 236 1351 dicem
268 1303 323 1349 ad
356 1318 498 1349 renes.
548 1301 722 1348 Dalion
753 1301 981 1349 herbarius
1018 1303 1366 1367 parturientibus

86 1394 144 1425 ex
180 1394 236 1425 eo
271 1374 535 1438 cataplasma
568 1373 779 1436 imposuit
809 1393 913 1422 cum
942 1376 1083 1439 apio:
1116 1376 1220 1422 item
1256 1378 1366 1423 vul—

87 1468 251 1500 varum
289 1449 471 1497 dolori:
507 1449 716 1512 deditque
759 1449 1004 1496 bibendum
1049 1468 1151 1497 cum
1199 1453 1365 1499 anetho

85 1523 448 1587 parturientibus.
481 1521 752 1567 Phreneticis
785 1538 970 1584 quoque
1000 1522 1185 1568 illinivit
1209 1540 1365 1572 recens

87 1614 193 1645 cum
213 1597 411 1658 polenta.
428 1594 497 1639 Sic
519 1592 825 1640 &infantibus
844 1592 1070 1639 comitiale
1090 1594 1275 1655 vitium,
1291 1609 1367 1644 aut

86 1668 419 1717 contrastiones
431 1664 731 1712 sentientibus.
750 1664 1024 1729 Pythagoras
1040 1666 1221 1730 quidem
1236 1683 1367 1733 negat

87 1740 257 1803 corripi
277 1739 395 1786 vitio
415 1737 633 1785 comitiali
663 1736 709 1781 in
728 1754 863 1782 manu
897 1738 1107 1784 habentes
1128 1757 1138 1784 ε
1167 1739 1364 1805 ideoque

70 1816 73 1819 ’
86 1831 219 1877 quam
232 1814 472 1875 plurimum
487 1812 613 1858 domi
632 1809 877 1858 serendum.
897 1813 1054 1858 Parere
1068 1830 1250 1878 quoque
1265 1816 1366 1865 faci·

86 1888 174 1934 lius
195 1885 470 1932 olfactantes.
492 1887 546 1930 Et
562 1883 702 1930 statim
721 1901 743 1930 a
762 1897 891 1947 partu
912 1885 1105 1932 dandum
1127 1889 1255 1949 potui
1272 1908 1363 1953 po-

87 1959 205 2006 lenta
231 1956 411 2020 aspersa.
441 1956 689 2003 Sosimenes
725 1972 884 2003 contra
914 1974 1070 2005 omnes
1095 1959 1277 2009 duritias
1306 1980 1364 2011 ex

85 2044 216 2080 aceto
247 2032 348 2078 usus
380 2029 442 2077 est
475 2046 531 2077 eo
548 2066 562 2088 ,
584 2031 633 2077 &
660 2043 820 2078 contra
849 2031 1115 2080 lassitudines
1136 2070 1149 2092 ‚
1180 2035 1227 2080 in
1255 2037 1363 2085 oleo

87 2105 343 2167 decoquens
378 2102 532 2150 addito
565 2103 700 2150 nitro.
736 2104 912 2150 Semine
945 2103 1040 2167 ejus
1078 2119 1221 2169 poto,
1249 2108 1362 2156 lasli-

86 2176 251 2223 tudinis
287 2175 503 2222 auxilium
534 2176 785 2223 viatoribus
813 2177 1070 2240 spopondit.
1109 2180 1365 2230 Heraclides

87 2250 142 2295 ad
171 2248 426 2294 inflationes
463 2248 682 2296 stomachi
727 2249 874 2296 semen
911 2251 1054 2297 tribus
1087 2252 1231 2316 digitis
1262 2271 1364 2302 cum

89 2321 275 2369 castorei
309 2321 459 2368 obolis
493 2321 666 2369 duobus
698 2341 753 2370 ex
789 2324 935 2370 mulso
971 2325 1103 2371 dedit.
1154 2326 1365 2374 Similiter

88 2395 143 2441 ad
177 2393 348 2440 ventris
377 2407 451 2439 aut
475 2394 788 2443 intestinorum
822 2396 1092 2447 inflationes.
1118 2400 1173 2443 Et
1203 2400 1367 2447 ortho-

88 2465 264 2529 pnoicis
282 2501 295 2522 ‚
324 2466 448 2528 quod
478 2466 614 2514 ternis
649 2468 795 2533 digitis
831 2469 1117 2534 prehenderit
1153 2467 1327 2517 seminis
1349 2505 1365 2529 ‚

155 2542 199 2587 C.
224 2542 340 2587 Plin.
364 2544 408 2586 V
407 2544 461 2586 ol.
488 2543 574 2588 ΙΙΙ.
790 2543 818 2567 ³*
1014 2544 1062 2589 D
1088 2543 1114 2589 d
