1653 2797
293 136 582 184 NATUR.
623 133 926 180 HisTOR.
964 135 1087 180 LIB.
1115 118 1264 181 XIX.
1345 148 1434 195 329

163 244 285 303 cani,
317 245 394 310 qui
418 245 576 308 pascua
594 241 1042 303 conducunt5majus
1065 241 1125 288 ita
1145 241 1316 288 lucrum
1336 240 1435 286 sen-

162 316 346 376 tientes,
367 314 698 379 depopulantur
724 329 942 374 pecorum
961 314 1144 375 pabulo.
1179 316 1309 360 Unus
1332 329 1435 359 om-

164 389 274 436 nino
300 390 434 437 caulis
456 386 607 453 nostra
629 397 832 448 repertus
853 388 1095 445 memoria,
1117 387 1292 434 Neroni
1309 387 1436 450 prin-

162 462 250 525 cipi
283 463 432 509 missus
468 459 543 507 est.
578 459 623 506 Si
657 459 839 523 quando
875 460 1031 506 incidit
1062 478 1198 522 pecus
1235 461 1283 506 in
1313 460 1435 524 spem

159 534 409 593 nascentis,
449 533 539 580 hoc
576 531 921 596 deprehenditur
962 532 1121 595 figno:
1170 535 1294 590 ονε,Ἰ
1331 550 1434 579 cum

159 606 426 665 comederit,
460 605 711 652 dormiente
739 605 973 668 protinus,
1005 621 1135 667 capra
1166 604 1435 651 sternuente.

157 679 344 742 Diuque
360 678 445 741 jam
464 696 563 726 non
581 679 699 726 aliud
720 679 775 726 ad
794 692 878 725 nos
896 678 1126 725 invehitur
1143 677 1252 724 laser
1267 713 1281 736 ‚
1300 695 1435 740 quam

156 754 284 817 quod
315 753 361 800 in
388 753 587 812 Perside,
613 766 686 800 aut
707 753 855 800 Media
876 789 890 811 ‚
928 754 978 800 &
998 751 1209 799 Armenia
1238 749 1432 797 nascitur

154 825 307 890 large,
343 824 417 872 sed
450 825 595 873 multo
637 825 753 873 infra
785 825 1120 891 Cyrenaicum:
1165 825 1212 872 id
1247 839 1433 888 quoque

154 897 448 944 adulteratum
470 896 661 960 gummi,
676 896 894 961 sagapeno
907 933 920 954 ‚
939 908 1014 942 aut
1032 895 1132 942 faba
1152 895 1296 942 fraCta.
1320 897 1433 954 Quo

154 969 300 1017 minus
327 969 624 1016 omittendum
646 970 850 1027 videtur⁹
871 971 925 1016 C.
947 968 1127 1016 Valerio
1145 1004 1158 1026 ,
1179 971 1242 1014 M.
1259 969 1432 1016 Heren-

154 1042 233 1089 nio
253 1042 372 1090 Coff.
395 1041 592 1106 Cyrenis
628 1042 813 1088 adve&a
834 1043 1026 1088 Romam
1046 1041 1224 1105 publice
1246 1040 1427 1102 laserpi-

152 1113 204 1159 tii
236 1114 392 1177 pondo
423 1127 552 1159 XXX.
586 1111 806 1159 Caesarem
835 1130 948 1160 vero
980 1114 1261 1160 Distatorem
1295 1112 1430 1158 initio

151 1187 258 1233 belli
277 1187 426 1234 civilis
441 1223 454 1245 ‚
474 1187 589 1232 inter
607 1203 764 1232 aurum
782 1199 1102 1251 argentumque
1122 1185 1350 1249 protulisse
1371 1203 1428 1232 ex

152 1260 311 1307 aerario
331 1260 538 1324 laserpitii
557 1263 713 1325 pondo
733 1277 826 1310 MD.
864 1262 908 1308 Id
929 1263 1045 1325 apud
1076 1262 1278 1308 au&ores
1296 1263 1429 1307 Gree—

152 1333 232 1380 ciae
266 1333 616 1380 evidentissimos
649 1335 906 1381 invenimus
937 1348 1092 1381 natum
1121 1335 1262 1380 imbre
1296 1335 1427 1397 piceo

150 1418 330 1470 repente
362 1407 600 1455 madefacta
637 1408 817 1466 tellure,
850 1409 968 1455 circa
997 1408 1287 1470 Hesperidum
1319 1407 1430 1453 hor-

148 1492 219 1525 tos
246 1478 504 1542 Syrtimque
539 1478 784 1541 majorem,
813 1478 979 1541 septem
1009 1478 1136 1524 annis
1164 1489 1265 1523 ante
1290 1477 1426 1538 oppi-

149 1549 256 1595 dum
273 1551 556 1613 Cyrenarum
571 1586 584 1608 ,
612 1551 737 1614 quod
764 1550 997 1596 conditum
1023 1549 1084 1595 est
1103 1549 1239 1597 Urbis
1259 1548 1424 1595 nostrae

149 1637 270 1667 anno
308 1635 484 1669 CXL111.
521 1622 626 1668 Vim
652 1633 800 1668 autem
831 1622 951 1668 illam
986 1639 1066 1685 per
1096 1638 1290 1686 quatuor
1322 1623 1426 1669 mil-

148 1693 207 1740 lia
227 1693 415 1740 stadium
438 1693 602 1741 Africae
624 1694 822 1743 valuifl'e.
855 1698 904 1742 In
931 1711 981 1741 ea
1004 1694 1276 1758 laserpitium
1302 1695 1424 1758 gigni

149 1766 357 1826 solitum,
394 1781 487 1814 rem
520 1769 658 1815 feram
692 1786 743 1815 ac
780 1780 1123 1826 contumacem,
1152 1770 1202 1815 &
1227 1768 1259 1814 fi
1296 1768 1423 1815 cole-

149 1851 297 1898 retur,
329 1841 375 1886 in
406 1841 573 1888 deserta
602 1842 878 1906 fugientem:
915 1843 1064 1890 radice
1095 1843 1235 1889 multa
1264 1843 1423 1890 crassa-

148 1930 263 1976 que,
295 1914 419 1960 caule
448 1914 702 1974 ferulaceo,
738 1927 813 1962 aut
840 1916 969 1962 fimili
999 1917 1291 1964 crassitudine.
1328 1918 1424 1962 Hu-

146 1984 214 2045 jus
244 1984 353 2032 folia
383 1986 627 2049 maspetum
655 1988 911 2045 vocabant,
947 1988 1052 2050 apio
1086 1989 1279 2035 maxime
1299 1987 1422 2034 fimi-

149 2057 216 2102 lia.
254 2058 413 2105 Semen
439 2071 530 2106 erat
561 2058 801 2107 foliaceum
819 2095 832 2117 ,
862 2059 1023 2107 folium
1052 2060 1193 2124 ipsum
1214 2077 1327 2108 vero
1349 2062 1424 2107 de-

150 2128 346 2177 ciduum.
388 2130 518 2177 Vesci
552 2148 720 2194 pecora
749 2130 909 2190 solita,
940 2132 1178 2196 primoque
1213 2134 1421 2196 purgari,

148 2218 257 2247 mox
277 2201 562 2269 pinguescere
580 2240 595 2262 ,
631 2221 763 2251 carne
794 2203 1039 2251 mirabilem
1073 2205 1120 2251 in
1142 2205 1328 2252 modum
1348 2204 1420 2266 ju-

148 2275 305 2321 cunda.
339 2275 441 2321 Post
462 2275 572 2323 folia
590 2277 759 2336 amissa,
779 2278 902 2324 caule
926 2278 1022 2341 ipso
1041 2280 1090 2326 &
1110 2279 1314 2325 homines
1334 2277 1421 2324 ves-

149 2348 362 2394 cebantur
389 2350 602 2407 (temero,
627 2351 716 2396 ass'o
735 2389 749 2408 ‚
787 2352 1027 2410 elixooue:
1060 2369 1216 2399 eorum
1237 2369 1418 2414 quoque

147 2436 343 2483 corpora
371 2434 436 2467 XL
466 2421 616 2483 primis
648 2423 802 2472 diebus
829 2437 1039 2487 purgante
1065 2442 1090 2471 a
1113 2424 1237 2473 vitiis
1266 2425 1418 2471 omni-
