1653 2797
222 173 509 222 NATUR.
546 175 857 222 HISTOR.
895 180 1028 225 LIB.
1062 181 1279 228 XVIII.
1335 199 1420 244 243

146 278 222 326 fiat
233 317 249 338 ‚
271 281 455 340 hordei,
475 282 676 345 glabrum
695 284 889 344 appellat
903 286 1163 335 Turranius.
1186 290 1304 336 Idem
1325 292 1430 356 oly-

145 369 241 400 ram
260 356 311 403 δέ
334 372 520 419 oryzam
542 355 731 402 eandem
748 356 832 402 effe
859 358 1090 407 existimat.
1112 362 1299 411 Ptisanae
1320 382 1431 413 con-

146 427 351 476 ficiendae
383 429 567 491 vulgata
600 428 718 474 ratio
739 429 814 479 est.

216 502 340 558 XVI.
379 501 521 547 Simili
544 501 686 546 modo
721 518 776 547 ex
808 502 947 550 tritici
968 504 1134 553 semine
1162 520 1335 573 tragum
1355 510 1430 572 fit,

140 574 191 623 in
218 574 467 637 Campania
494 575 725 621 dumtaxat
746 577 797 622 &
815 578 1036 641 AEgypto.

206 649 349 695 XVII.
383 649 605 714 Amylum
635 657 749 699 vero
777 668 833 698 ex
864 653 991 699 omni
1020 654 1173 718 tritico
1212 674 1263 704 ac
1289 658 1426 723 fingi-

139 739 224 779 ne,
259 720 333 767 sed
362 722 586 784 optimum
618 740 642 770 e
674 725 895 772 trimestri.
931 728 1146 775 Inventio
1182 729 1278 790 ejus
1303 733 1428 779 Chio

138 793 295 841 insulae
324 795 536 841 debetur:
570 797 620 842 &
650 795 788 843 hodie
819 797 1161 847 laudatiffimum
1196 802 1301 848 inde
1335 803 1426 850 est:

139 868 409 931 appellatum
436 871 492 916 ab
509 886 591 928 eo,
612 866 738 933 quod
767 869 857 917 fine
888 872 1011 919 mola
1037 872 1125 920 fiat.
1158 875 1427 924 Proximum

138 942 376 1002 trimestri,
397 944 525 1006 quod
558 960 582 990 e
614 943 800 991 minime
819 946 1082 1007 ponderoso
1117 948 1286 996 tritico.
1324 953 1425 998 Ma-

139 1016 280 1064 descit
314 1015 438 1080 dulci
472 1032 588 1079 aqua
617 1015 774 1079 ligneis
812 1017 958 1075 valis,
994 1019 1055 1065 ita
1083 1031 1132 1065 ut
1167 1020 1426 1085 integatur,

138 1089 380 1155 quinquies
413 1089 460 1135 in
495 1088 565 1134 die
594 1100 779 1136 mutata.
824 1090 986 1137 Melius
1021 1091 1054 1137 fi
1090 1093 1140 1139 &
1174 1094 1334 1152 noan,
1363 1095 1426 1142 ita

138 1178 192 1212 ut
220 1164 455 1212 misceatur
482 1163 661 1226 pariter.
698 1163 989 1223 Emollitum‚
1018 1165 1142 1228 prius
1159 1182 1294 1228 quam
1320 1185 1424 1216 ace-

132 1239 258 1296 scat,
277 1238 420 1284 linteo
453 1249 528 1284 aut
562 1237 725 1300 sportis
758 1236 1007 1296 saccatum,
1028 1238 1189 1302 tegulae
1223 1239 1425 1287 infundi-

134 1324 210 1359 tur
228 1311 352 1358 illitae
371 1311 594 1357 fermento
608 1346 622 1368 ‚
643 1322 777 1373 atque
797 1311 857 1357 ita
878 1310 924 1356 in
948 1311 1053 1357 Sole
1082 1311 1299 1360 densatur.
1320 1313 1424 1361 Post

133 1385 307 1433 Chium
338 1384 533 1431 maxime
564 1383 769 1429 laudatur
800 1383 1062 1442 Creticum,
1093 1401 1204 1430 mox
1240 1387 1423 1450 AEgyp-

133 1458 264 1505 tium.
294 1456 516 1502 Probatur
535 1466 683 1501 autem
709 1454 905 1513 laevore,
921 1458 972 1504 &
998 1456 1201 1503 levitate:
1222 1469 1355 1522 atque
1371 1470 1423 1505 ut

131 1545 291 1577 recens
321 1527 396 1574 sit:
430 1526 518 1588 jam
541 1527 591 1573 &
612 1526 779 1573 Catoni
812 1526 976 1573 dietum
998 1527 1115 1589 apud
1145 1543 1244 1574 nos.

199 1602 364 1649 XVIII.
400 1598 573 1646 Hordei
600 1597 742 1646 farina
762 1599 813 1645 &
841 1600 897 1646 ad
920 1599 1190 1646 medendum
1216 1613 1422 1650 utuntur.

125 1674 427 1737 Mirumque‚
463 1673 512 1718 in
546 1671 627 1719 usu
658 1670 995 1732 jumentorum,
1034 1672 1211 1737 ignibus
1232 1673 1422 1734 durato,

131 1765 185 1796 ac
214 1745 365 1810 postea
394 1745 558 1793 molito
577 1781 592 1804 ‚
617 1744 808 1810 offisque
836 1746 1032 1793 humana
1063 1763 1200 1793 manu
1232 1746 1422 1795 demiffis

129 1823 182 1870 in
214 1821 397 1880 alvum,
431 1819 626 1882 majores
647 1820 769 1868 vires
787 1857 801 1880 ‚
827 1820 1043 1884 torosque
1073 1820 1283 1883 corporis
1308 1820 1423 1869 fieri.

131 1893 275 1956 Spicae
296 1893 501 1955 quaedam
520 1892 652 1939 binos
675 1892 858 1939 ordines
885 1892 1051 1938 habent
1062 1928 1078 1948 ,
1099 1891 1298 1954 quaedam
1318 1892 1422 1955 plu-

132 1982 202 2013 res
235 1964 372 2028 usque
405 1965 460 2012 ad
496 1964 639 2011 senos.
680 1965 840 2011 Grano
878 1964 958 2027 ipfi
996 1963 1174 2027 aliquot
1209 1964 1422 2011 differen-

130 2038 236 2085 tiae:
268 2038 480 2102 longius,
514 2035 771 2100 leviusque,
798 2046 872 2082 aut
904 2035 1088 2082 brevius
1107 2071 1121 2094 ,
1153 2048 1230 2082 aut
1255 2050 1422 2084 rotun-

130 2111 251 2170 dius,
281 2110 538 2169 candidius,
567 2109 741 2174 nigrius
759 2146 773 2167 ,
803 2109 879 2157 vel
904 2109 978 2156 cui
998 2126 1198 2172 purpura
1222 2109 1298 2158 est.
1334 2112 1421 2159 Ul-

129 2183 245 2229 timo
263 2183 319 2229 ad
336 2182 567 2245 polentam
586 2200 597 2228 :
626 2194 784 2229 contra
802 2181 1082 2244 tempestates
1108 2181 1300 2232 candido
1326 2200 1421 2230 ma-

129 2257 253 2304 xima
274 2255 518 2304 infirmitas.
555 2257 791 2303 Hordeum
818 2255 996 2319 frugum
1026 2255 1232 2302 omnium
1250 2255 1418 2302 mollis-

130 2329 290 2376 simum
309 2329 400 2376 est:
438 2329 520 2376 seri
547 2346 642 2376 non
673 2329 808 2388 vult,
838 2328 920 2375 nifi
960 2329 1007 2374 in
1031 2328 1146 2375 sicca
1185 2329 1235 2375 &
1272 2327 1419 2375 soluta

128 2413 245 2449 terra
265 2438 278 2460 ,
307 2420 357 2449 ac
390 2402 471 2448 nisi
506 2402 620 2450 laeta.
664 2403 795 2450 Palea
827 2419 885 2448 ex
919 2401 1130 2464 optimis:
1171 2399 1418 2454 stramento

127 2485 253 2523 *vero
274 2473 446 2522 nullum
465 2486 764 2540 comparatur.
805 2474 1041 2525 Hordeum
1073 2490 1130 2520 ex
1153 2472 1281 2524 omni
1313 2471 1414 2542 fra:

1088 2545 1184 2612 §22
