1653 2797
1284 165 1370 213 vt

238 310 316 383 C.
370 307 712 376 PLINII
762 308 1252 380 SECUNDI

96 498 708 579 NATURALIS
765 498 1380 578 HISTORIAE

480 659 786 722 LIBER
855 669 991 722 XX.

93 847 125 895 1
165 779 570 897 MAXIMUM
595 843 703 893 hinc
725 858 842 909 opus
862 853 1031 894 naturae
1052 842 1306 908 ordiemur,
1328 852 1379 898 δε

95 919 223 966 cibos
248 917 350 965 suos
376 918 554 965 homini
587 917 763 966 narrabi
765 934 892 976 mm,
918 917 1137 983 faterique
1163 937 1377 986 cogemus

94 988 252 1058 igriota
281 993 393 1051 effe,
427 1009 506 1056 per
538 1009 639 1056 quae
673 992 818 1039 vivat.
833 953 1000 1037 Nemo
1035 990 1081 1036 id
1102 1008 1298 1054 parvum
1327 1005 1378 1039 ac

92 1064 326 1112 modicum
349 1062 700 1120 existimaverit,
728 1063 968 1109 nominum
1004 1062 1179 1110 vilitate
1217 1063 1378 1126 decep-

93 1150 179 1184 tus.
214 1138 307 1182 Pax
339 1135 470 1182 fimul
499 1136 547 1182 in
579 1136 647 1182 his
681 1148 758 1183 aut
780 1134 948 1182 bellum
979 1147 1146 1183 naturae
1179 1136 1378 1194 dicetur,

96 1211 202 1258 odia
233 1209 530 1273 amicitiaeque
567 1224 718 1257 rerum
742 1208 972 1258 surdarum
993 1228 1045 1257 ac
1066 1210 1192 1257 sensu
1217 1228 1377 1258 caren-

93 1285 241 1331 tium:
279 1284 357 1341 &,
383 1299 477 1346 quo
509 1283 648 1348 magis
680 1283 926 1341 miremur,
961 1283 1116 1330 omnia
1149 1297 1198 1330 ea
1226 1284 1380 1331 homim

94 1375 204 1404 num
233 1355 359 1404 causa
375 1391 388 1416 ‚
417 1356 543 1421 quod
563 1358 714 1405 Graeci
738 1356 1037 1421 sympathiam
1063 1355 1375 1419 appellavere:

93 1430 257 1496 quibus
275 1431 432 1478 cunita
450 1429 682 1491 constant,
700 1431 823 1495 ignes
840 1430 964 1493 aquis
979 1429 1351 1493 restinguentibus
1365 1466 1379 1489 ,

94 1520 231 1568 aquas
259 1503 365 1551 Sole
399 1503 626 1550 devoran
613 1521 681 1562 te,
711 1506 841 1550 Luna
872 1503 1102 1566 pariente,
1135 1501 1279 1549 altero
1314 1505 1380 1551 al-

95 1577 246 1625 terius
269 1574 432 1639 injuria
462 1575 696 1624 deficiente
722 1576 875 1623 fidere.
918 1577 1067 1639 Atque
1100 1590 1149 1622 ut
1179 1593 1203 1622 a
1237 1575 1377 1624 subli-

92 1653 314 1700 mioribus
341 1651 636 1710 recedamus,
669 1649 839 1697 ferrum
872 1649 927 1695 ad
950 1648 992 1695 se
1022 1648 1228 1696 trahente
1257 1667 1380 1715 mag-

94 1739 198 1775 nete
231 1726 405 1790 lapide,
441 1727 493 1773 &
520 1725 609 1773 alio
646 1725 794 1772 rursus
825 1723 1030 1787 abigente
1068 1741 1093 1770 a
1123 1723 1241 1771 sese:
1273 1726 1380 1772 ada-

93 1811 291 1847 mantem
332 1817 474 1862 opum
507 1799 751 1863 gaudium,
785 1797 1036 1860 infragilem
1070 1796 1198 1843 omni
1234 1809 1381 1845 cetera

93 1871 146 1919 vi
175 1875 225 1920 &
255 1870 504 1930 invictum,
534 1871 741 1936 sanguine
768 1870 948 1917 hircino
971 1881 1234 1932 rumpente,
1257 1887 1378 1932 quae-

93 1965 182 2012 que
211 1948 296 1995 alia
316 1948 363 1994 in
391 1947 479 1994 suis
501 1946 698 1994 dicemus
724 1944 844 1993 >locis
861 1981 875 2003 ,
910 1944 1062 2008 paria,
1095 1943 1172 1991 vel
1205 1942 1379 2005 majora

94 2023 218 2069 mira.
258 2022 459 2068 Tantum
484 2019 619 2068 venia
637 2020 689 2067 sit
708 2057 722 2079 ,
743 2038 767 2067 a
795 2018 991 2065 minimis
1006 2055 1020 2077 ,
1038 2017 1111 2064 sed
1138 2034 1161 2064 a
1180 2016 1378 2064 salutari⁵

94 2097 176 2143 bus
203 2093 401 2141 ordienti
419 2130 432 2152 ,
453 2094 736 2157 primumque
757 2093 811 2140 ab
831 2090 1085 2138 hortenfiis.

158 2169 209 2214 Il.
241 2165 487 2214 Cucurnim
510 2165 756 2212 silvestrem
775 2165 861 2212 effe
888 2163 1107 2220 diximus,
1137 2162 1281 2210 multo
1310 2164 1377 2211 in*

95 2241 161 2288 fra
192 2240 547 2304 magnitudinem
569 2238 714 2287 sativi.
741 2241 810 2285 Ex
829 2255 885 2286 eo
904 2237 954 2284 fit
970 2237 1344 2284 medicamentum
1361 2269 1376 2296 ,

95 2315 222 2378 quod
239 2324 435 2362 vocatur
469 2312 701 2360 elaterium
719 2349 733 2372 ‚
764 2312 901 2360 succo
926 2310 1129 2374 expresso
1148 2327 1175 2361 ,e
1195 2309 1374 2359 semine.
1433 2305 1443 2318 ⁶

92 2386 234 2449 Cujus
258 2386 385 2450 causa
416 2386 497 2432 nisi
521 2386 737 2433 maturius
756 2384 1006 2442 incidatur,
1036 2383 1182 2430 semen
1203 2383 1374 2442 exsilit,

94 2461 337 2510 oculorum
366 2461 500 2507 etiam
527 2459 744 2523 periculo.
780 2459 991 2509 Servatur
1017 2469 1164 2503 autem
1186 2456 1371 2520 decerp-

975 2532 1018 2577 A
1040 2546 1064 2576 a
1100 2546 1125 2577 2
