1653 2797
275 163 560 212 NATUR
598 160 914 208 HISToa
955 158 1096 207 LIB.
1141 160 1296 206 xxi.
1368 178 1421 221 φ

148 273 224 322 est.
267 271 526 338 Aliquando
561 271 612 318 &
646 267 845 331 pumices
880 267 1050 332 gignit:
1093 284 1176 316 nec
1201 284 1298 316 non
1325 268 1376 315 &
1405 284 1429 314 e

147 346 269 395 foliis
289 343 563 394 convolutas
589 340 749 404 pilulas
770 358 780 387 ε
807 340 919 388 &in
938 340 1052 398 fol-io
1072 341 1260 388 rubente
1281 358 1429 406 aquo-

147 419 218 466 sos
237 417 422 467 nucleos
440 449 456 473 ‚
472 413 755 461 candicantes
784 429 836 460 ac
864 411 1160 459 translucidos
1175 450 1190 471 ,
1215 412 1432 477 quamdiu

145 493 304 545 molles
333 490 418 536 fint
436 525 450 547 ‚
477 489 526 535 in
553 488 715 553 quibus
745 489 796 536 &
830 485 994 534 culices
1027 486 1298 536 naseuntur:
1333 505 1431 536 ma-

145 566 372 613 turescunt
391 563 440 613 in
464 563 653 609 modum
682 561 821 627 gallae.

207 637 287 684 XI.
313 639 479 683 Ferunt
507 634 676 682 robora
704 635 755 682 &
781 632 1006 697 cachryn:
1029 630 1123 697 (ita
1141 641 1336 678 vocatur
1363 633 1434 695 pi-

143 709 234 756 lula
262 709 309 755 in
333 708 557 756 medicina
587 706 749 754 urendi
777 707 874 754 vim
903 702 1124 768 habens.)
1148 704 1362 768 Gignitur
1382 707 1432 753 &

143 783 191 829 in
214 781 359 829 abiete
373 818 388 840 ‚
410 780 546 828 larice
559 817 574 838 ,
592 780 741 843 picea,
761 778 882 838 tilia,
910 795 1051 837 nuce,
1070 777 1254 841 platano
1274 795 1284 824 t
1305 777 1432 840 post—

143 873 280 920 quam
305 855 416 903 folia
447 854 647 903 cecidere
663 891 678 913 ,
698 853 847 901 hieme
880 853 1054 900 durans.
1099 851 1322 898 Continet
1345 869 1431 898 nu—

144 928 293 976 cleum
329 927 474 991 pineis
513 927 735 975 fimilem:
770 926 808 973 is
843 924 999 973 crescit
1034 923 1213 982 hieme,
1237 924 1434 988 aperitur

143 1018 252 1048 vere
286 1000 424 1064 pilula
463 1011 589 1046 tota:
624 1000 769 1058 cadit,
811 1016 914 1046 cum
946 997 1057 1043 folia
1101 1013 1280 1059 coepere
1314 996 1432 1043 cres-—

143 1090 257 1121 cere.
295 1074 412 1120 Tam
440 1072 665 1120 multifera
692 1073 819 1131 sunt,
846 1083 918 1119 tot
944 1088 1012 1118 res
1036 1086 1198 1134 praeter
1225 1070 1432 1135 glandem

143 1145 324 1208 pariunt
352 1144 537 1192 robora.
576 1144 663 1192 Sed
692 1146 742 1192 ὅ(
771 1143 952 1190 boletos
970 1179 982 1201 ‚
1013 1142 1253 1207 suillosque
1271 1180 1285 1201 ‚
1316 1144 1433 1208 gulae

145 1216 387 1265 noviffima
418 1215 722 1273 irritamenta,
753 1232 853 1279 quae
885 1215 1003 1262 circa
1034 1214 1203 1262 radices
1238 1216 1432 1280 gignun—

143 1304 245 1336 tur:
278 1306 470 1354 quercus
493 1289 859 1352 probatiffimos:
895 1287 1039 1335 robur
1069 1299 1244 1349 autem,
1272 1291 1322 1336 &
1352 1307 1433 1336 cu-

142 1363 311 1426 press'us
331 1401 345 1420 ,
372 1365 422 1411 &
449 1363 580 1426 pinus
597 1399 611 1422 ‚
638 1363 821 1410 noxios.
856 1362 1045 1408 Robora
1077 1359 1310 1414 feruntssc
1338 1361 1433 1408 vis-

144 1453 246 1483 cum
264 1471 278 1494 ‚
299 1437 350 1483 δε
368 1435 525 1494 mella,
545 1448 595 1484 ut
613 1437 768 1482 auCtor
795 1434 857 1481 est
884 1433 1123 1480 Hesiodus.
1153 1432 1433 1498 Constatque

142 1524 268 1556 rores
295 1508 483 1555 melleos
498 1545 512 1567 ‚
532 1525 556 1556 e
589 1508 702 1556 caelo
720 1544 734 1566 ‚
755 1520 805 1555 ut
834 1507 1029 1554 diximus
1045 1543 1060 1566 ‚
1081 1507 1314 1566 cadentes,
1335 1524 1432 1554 non

142 1581 237 1629 aliis
266 1580 405 1646 magis
435 1581 621 1628 insidere
646 1581 886 1630 frontibus.
924 1579 1123 1630 Cremati
1152 1596 1336 1646 quoque
1358 1597 1434 1628 ro·

143 1653 266 1701 boris
299 1654 495 1701 cinerem
528 1653 749 1700 nitrosum
785 1652 869 1700 effe
901 1668 1075 1700 certum
1109 1651 1185 1700 est.

224 1728 324 1774 XII.
368 1727 542 1774 Omnes
579 1738 728 1774 tamen
774 1725 851 1773 bas
903 1725 998 1789 ejus
1033 1725 1162 1773 dotes
1198 1724 1289 1771 ilex
1329 1724 1431 1771 solo

141 1812 370 1862 provocat
394 1817 553 1847 cocco.
594 1802 799 1846 Granum
824 1799 915 1845 hoc
931 1835 945 1857 ‚
967 1799 1207 1862 primoque
1232 1816 1316 1845 ceu
1341 1798 1431 1845 sca-

144 1874 236 1920 bies
255 1873 452 1932 fruticis,
474 1891 629 1937 parvae
647 1873 876 1937 aquifoliae
904 1872 1015 1919 ilicis
1036 1891 1047 1918 ε
1075 1872 1322 1926 cusculium
1344 1890 1434 1920 Vo-

145 1963 273 1994 cant.
305 1948 568 2011 pensionem
590 1948 770 1994 alteram
798 1945 953 1993 tributi
977 1946 1250 2026 pauperibus
1274 1945 1433 2009 Hispa—

147 2021 232 2065 niae
257 2020 409 2067 donat.
442 2020 585 2068 Usum
604 2019 697 2082 ejus
718 2019 959 2101 gratiorem
979 2019 1027 2064 in
1048 2018 1284 2094 conchylii
1305 2035 1433 2064 men-

148 2094 274 2140 tione
308 2095 582 2142 tradidimus.
612 2095 826 2158 Gignitur
857 2093 947 2141 &⁶
937 2111 984 2139 m
981 2079 1222 2152 Galatia,
1240 2081 1432 2150 Africa,

147 2167 193 2215 Pi
200 2167 332 2225 sidia,
367 2169 557 2216 Cilicia:
592 2167 867 2232 peffimum
857 2185 903 2212 m
935 2167 1148 2213 Sardinia.

211 2242 327 2289 XIII.
349 2242 594 2289 Galliarum
622 2240 877 2305 glandiferae
903 2240 1098 2286 maxime
1121 2239 1304 2285 arbores
1329 2254 1432 2301 aga-

148 2318 290 2363 ricum
323 2315 484 2363 ferunt.
517 2315 591 2362 Est
622 2332 768 2362 autem
800 2314 964 2378 fungus
995 2313 1207 2361 candidus
1227 2348 1240 2369 ‚
1261 2311 1431 2357 odora·

147 2402 215 2437 tus
238 2428 252 2448 ‚
284 2389 496 2436 antidotis
535 2390 719 2447 efficax,
756 2390 802 2435 in
841 2388 1020 2436 summis
1059 2386 1293 2433 arboribus
1332 2385 1431 2432 nas-

146 2480 275 2522 cens,
315 2464 447 2510 noae
484 2462 699 2509 relucens.
745 2463 928 2525 Signum
967 2462 1059 2508 hoc
1094 2459 1223 2519 eius,
1255 2475 1348 2523 quo
1386 2459 1431 2505 in
