1653 2797
205 143 300 190 344
460 128 812 174 (LPLINH
867 128 1254 178 SECUNDI

199 238 252 284 δε
276 237 425 283 cruda.
457 236 747 282 Effodiuntur
768 235 894 282 bulbi
917 249 1018 283 ante
1046 254 1157 296 ver,
1190 250 1266 285 aut
1284 236 1482 289 'deterioss

199 328 270 362 res
287 311 412 357 illico
431 309 560 357 fiunt.
597 311 783 374 Signum
799 311 1093 369 maturitatis,
1113 311 1220 358 folia
1235 313 1481 362 inarescen-

198 384 261 430 tia
295 384 350 430 ab
385 385 494 431 imo.
533 384 812 431 Vetustiores
845 385 1138 448 improbant:
1175 387 1282 434 item
1311 405 1481 451 parvos

198 458 250 503 δέ
262 457 439 521 longos.
458 459 630 504 Contra
649 457 908 504 rubicundis
925 458 1353 524 rotundioribusque
1368 461 1480 520 laus,

197 530 250 576 &
271 531 575 593 grandiffimis.
608 529 878 576 Amaritudo
902 529 1124 594 plerisque
1143 531 1190 577 in
1211 533 1383 581 vertice
1403 533 1479 580 est.

196 603 350 650 Media
378 621 538 650 eorum
562 602 721 649 dulcia.
754 601 922 669 Bulbos
954 619 1051 648 non
1079 604 1222 663 nasci,
1243 606 1324 652 nifi
1356 624 1380 653 e
1412 606 1480 653 se·-

196 676 345 735 mine,
377 677 552 740 priores
582 675 875 722 tradiderunt.
925 675 1009 721 Sed
1038 678 1088 723 &
1122 676 1169 723 in
1202 679 1480 728 Praenestinis

197 749 366 812 campis
401 749 560 812 sponte
597 747 863 807 nascuntur,
895 764 946 795 ac
974 746 1066 795 fine
1098 750 1240 796 modo
1269 751 1403 798 etiam
1430 752 1479 798 in

195 821 446 867 Remorum
477 820 614 866 arvis.

261 894 437 939 XXXI.
467 892 719 939 Hortensiis
743 893 954 941 omnibus
977 894 1068 941 fere
1087 896 1269 961 singulae
1287 899 1478 958 radices,

195 978 246 1012 ut
273 966 473 1028 raphano
490 1002 504 1024 ‚
537 966 680 1022 betae,
708 966 843 1029 apio,
876 967 1055 1015 malvae.
1089 970 1367 1032 Ampliffima
1394 990 1479 1019 au-

194 1051 286 1084 tem
318 1039 531 1103 lapatho,
566 1051 616 1086 ut
642 1058 741 1105 quae
771 1041 1005 1088 descendat
1023 1043 1078 1088 ad
1099 1044 1183 1090 tria
1201 1045 1363 1093 cubita.
1393 1046 1480 1092 Sil-

191 1111 333 1158 vestri
361 1113 512 1160 minor
535 1115 585 1161 &
607 1114 815 1161 humida:
847 1114 997 1160 effoffa
1022 1132 1205 1179 quoque
1237 1117 1316 1164 diu
1339 1117 1479 1166 vivit.

191 1185 476 1245 Quibusdam
501 1199 653 1234 tamen
674 1187 919 1251 capillatae,
939 1199 989 1234 ut
1005 1189 1111 1251 apio
1125 1225 1139 1247 ,
1159 1190 1349 1238 malvae:
1375 1192 1478 1255 qui-

190 1259 374 1307 busdam
401 1261 637 1308 surculose-e
657 1298 671 1320 ,
699 1274 750 1308 ut
771 1262 940 1308 ocimo.
967 1262 1077 1308 Aliis
1094 1263 1316 1322 carnosae,
1333 1281 1384 1312 ut
1401 1266 1480 1327 be-

191 1345 250 1379 tae
268 1371 281 1393 ,
302 1348 378 1382 aut
407 1336 545 1399 magis
576 1337 819 1382 etiamnum
839 1352 1008 1382 croco:
1046 1336 1267 1399 aliquibus
1280 1354 1343 1383 <ex
1370 1355 1477 1386 cor·-

191 1408 279 1454 tice
301 1411 350 1456 ὅ(
373 1426 502 1455 carne
527 1408 761 1465 constant,
781 1419 831 1453 ut
856 1408 1086 1470 raphano,
1113 1409 1256 1470 rapis:
1276 1426 1476 1473 quorun-

191 1482 292 1527 (lam
313 1483 574 1544 geniculatae
593 1482 716 1539 sunt,
735 1494 786 1528 ut
804 1482 1029 1545 graminis.
1059 1484 1176 1542 Quae
1195 1484 1359 1531 renam
1379 1502 1477 1532 non

189 1554 357 1600 habent
395 1554 587 1600 radicem
607 1590 621 1612 ,
655 1555 801 1600 statim
828 1555 1034 1616 plurimis
1064 1556 1308 1603 nascuntur
1333 1560 1477 1622 capil-

190 1629 424 1685 lamentis,
452 1640 501 1674 ut
527 1628 743 1690 atriplex,
770 1629 819 1675 &
847 1626 1022 1674 blitum.
1060 1628 1195 1674 Scilla
1223 1646 1374 1677 autem
1387 1669 1403 1691 ‚
1425 1636 1478 1681 δε

190 1703 318 1748 bulbi
335 1740 349 1760 .,
380 1705 429 1750 δῖ
446 1720 566 1766 caepe
582 1739 595 1761 ‚
627 1704 677 1749 &
705 1702 886 1758 allium,
916 1717 1012 1748 non
1041 1701 1122 1747 nisi
1143 1702 1191 1747 in
1216 1704 1384 1750 renum
1404 1723 1475 1752 ra-

190 1774 412 1821 dicantur.
453 1778 624 1838 Sponte
655 1776 931 1822 nascentium
958 1774 1170 1838 quaedam·
1190 1777 1474 1824 numerosio-

187 1861 237 1891 ra
257 1845 355 1891 sunt
378 1846 554 1905 radice,
580 1862 713 1910 quam
731 1845 871 1905 folio,
891 1860 942 1891 ut
965 1844 1168 1908 aspalax,
1198 1846 1479 1909 perdicium,-

125 1960 128 1963 ,
191 1937 395 1967 Cl'OCUm.

255 1993 440 2040 Florem·
457 1994 700 2041 confertim
717 1992 964 2056 serpyllum
979 2027 994 2050 ,
1020 1991 1316 2050 abrotonum,
1341 1993 1472 2055 napi,

187 2066 404 2128 raphani,
423 2085 572 2114 menta
585 2104 598 2126 ‚
618 2082 739 2114 ruta:
767 2069 818 2114 &
834 2078 978 2112 cetera
993 2066 1174 2129 quidem
1193 2082 1296 2112 cum
1314 2083 1470 2129 vcoepe-

188 2154 237 2184 re
253 2174 266 2194 ‚
294 2137 616 2187 deflorescunt:
644 2140 844 2186 ocimum
862 2150 1011 2185 autem
1031 2137 1328 2200 particulatim
1347 2139 1396 2185 ὅ(
1415 2140 1472 2185 ab

182 2211 285 2257 ‘imo
306 2211 489 2274 incipit:
517 2230 605 2275 qua
627 2214 679 2259 de
707 2212 832 2259 causa
857 2212 1089 2258 diutiffime
1116 2211 1263 2260 floret.
1297 2213 1400 2259 Hoc
1420 2213 1472 2264 &

180 2282 238 2328 'in
271 2283 551 2347 heliotropio
588 2286 726 2331 herba
761 2286 927 2332 evenit.
967 2285 1070 2331 Flos
1095 2285 1192 2331 aliis
1223 2285 1468 2342 candidus,

185 2354 287 2402 ‘aliis
315 2355 488 2414 luteus,
519 2356 614 2402 aliis
643 2374 907 2419 purpureus,
937 2358 1059 2404 Folia
1087 2359 1250 2405 cadunt
1280 2375 1304 2404 a
1334 2374 1468 2404 cacu·

189 2426 382 2480 minibus
400 2464 414 2490 2
446 2427 634 2494 origano
654 2464 669 2488 9
695 2430 829 2476 inulae
850 2467 863 2485 7
899 2433 948 2479 &
976 2432 1217 2495 aliquando
1251 2442 1360 2480 rutae
1393 2430 1466 2476 in·-
