1653 2797
228 183 314 230 154
487 167 542 212 c,
590 165 850 223 PLIANH
895 164 1273 215 saeuum

218 274 362 338 planis
379 309 392 332 ‚
414 275 462 321 δε
482 274 728 321 nocturnos
755 273 917 320 imbres
950 273 1130 320 diurnis.
1170 273 1312 337 Magis
1335 273 1497 320 frium-

220 356 292 391 tur
326 344 449 408 aquis
479 344 594 404 sata,
621 360 716 390 non
749 343 893 390 statim
923 344 1152 391 auferente
1179 360 1247 390 eas
1266 342 1385 391 Sole.

286 419 506 468 Connexa
532 420 580 466 &
609 417 711 465 fitus
739 417 998 474 vinearum,
1024 416 1399 480 arbustorumque
1428 431 1498 462 ra·-

220 490 286 538 tio
339 491 430 550 est,
471 508 577 555 quas
626 490 672 536 in
717 507 817 537 oras
854 491 1042 538 debeant
1090 490 1293 554 spectare.
1344 487 1500 551 Virgi-

222 563 309 611 lius
344 564 400 615 ad
427 563 608 626 occasus
629 562 709 610 seri
731 563 975 610 damnavit.
1014 563 1170 627 Aliqui
1200 563 1258 611 fic
1283 560 1506 618 maluere,

224 654 359 702 quam
377 637 422 683 in
451 650 624 685 exortu.
664 638 703 682 A
733 636 932 700 pluribus
964 637 1194 689 meridiem
1219 636 1402 700 probari
1423 634 1506 682 ad«

224 722 359 761 verto
383 730 392 758 ε
427 728 510 758 nec
544 710 737 757 arbitror
771 721 1038 772 perpetuum
1065 710 1307 774 quidquam
1337 710 1384 759 in
1411 709 1506 759 hoe

224 785 408 848 praecipi
446 784 582 847 posse.
628 783 699 828 Ad
739 781 823 828 soli
867 793 1099 840 naturam,
1139 782 1194 831 ad
1240 782 1331 832 loci
1375 781 1505 845 inge-

226 857 380 913 nium,
418 855 607 902 adeaeli
651 852 861 916 cujusque
907 870 1056 900 mores
1098 853 1324 917 dirigenda
1369 852 1512 899 soler«

227 931 290 976 tia
324 928 399 975 est.
437 929 485 974 In
521 926 673 973 Africa
705 926 934 972 meridiem
971 927 1127 973 vineas
1161 925 1351 989 spectare
1371 961 1386 984 ‚
1422 924 1509 972 viti

229 1001 386 1046 inutile
406 1037 418 1058 ,
441 999 615 1046 colono
647 998 865 1045 insalubre
894 998 955 1044 est
970 1035 986 1056 ,
1011 999 1227 1062 quoniam
1258 997 1348 1060 ipsa
1369 997 1510 1057 meri-

230 1075 372 1120 dianae
405 1072 599 1133 subjacet
632 1072 799 1136 plagae:
839 1085 1112 1136 quapropter
1145 1072 1222 1136 qui
1258 1073 1322 1119 ibi
1349 1073 1397 1118 in
1428 1089 1511 1119 oc-

230 1147 379 1194 casum
411 1160 489 1192 aut
523 1145 863 1209 septentriones
893 1144 1127 1204 conseret,
1154 1146 1325 1209 optime
1355 1144 1516 1203 misce-³

231 1222 295 1267 bit
323 1221 465 1268 solum
494 1220 619 1266 caelo.
644 1221 761 1266 Cum
788 1219 1002 1282 Virgilius
1038 1219 1221 1267 occasus
1251 1219 1481 1283 improbet
1496 1255 1515 1278 ,-

233 1311 315 1340 nec
347 1293 399 1339 de
424 1291 739 1355 septemtrione
759 1291 953 1356 relinqui
977 1290 1196 1339 dubitatio
1219 1292 1413 1339 videtur.
1434 1293 1517 1338 At«

233 1367 312 1431 qui
337 1368 384 1413 in
421 1365 643 1428 Cisaipina
678 1365 801 1412 Italia
838 1381 999 1428 magna
1030 1381 1086 1411 ex
1117 1376 1243 1428 parte
1274 1365 1422 1413 vineis
1453 1365 1518 1417 ita„

232 1439 416 1503 positis,
438 1450 722 1499 compertum
752 1437 811 1484 est
834 1438 976 1485 nullas
1006 1437 1090 1484 effe
1119 1438 1374 1492 fertiliores.

300 1511 497 1558 Multum
527 1511 712 1557 rationis
747 1510 956 1556 obtinent
989 1513 1039 1558 &
1068 1511 1208 1558 venti.
1247 1512 1298 1557 In
1333 1510 1516 1558 Narbo-

236 1584 358 1631 nenfi
396 1583 636 1647 provincia
665 1596 796 1645 atque
818 1582 994 1645 Liguria
1012 1619 1026 1639 ‚
1059 1585 1109 1630 ὃς
1135 1600 1259 1644 parte
1297 1582 1519 1640 Etruriae,

239 1672 399 1705 contra
430 1657 631 1705 Circium
663 1655 803 1702 serere
829 1655 1051 1718 imperitia
1080 1655 1382 1703 existimatur:
1410 1672 1521 1701 euna

239 1731 428 1794 demque
464 1729 701 1793 obliquum
732 1728 960 1790 accipere,
995 1727 1300 1790 providentia..
1331 1729 1370 1774 Is
1391 1744 1521 1773 namq

233 1820 330 1867 ,que
359 1803 524 1850 aestates
543 1801 606 1848 ibi
628 1813 845 1865 temperat
866 1819 876 1846 :
899 1799 970 1846 sed
988 1812 1112 1848 tanta
1130 1800 1394 1865 plerumque
1412 1799 1520 1847 vio-

241 1877 399 1934 lentia,
434 1888 484 1923 ut
516 1876 685 1923 auferat
706 1876 832 1922 tecta.
859 1874 1056 1934 Quidam
1088 1873 1247 1920 caelum
1282 1883 1413 1918 terrae
1440 1887 1521 1933 pa·-

244 1966 341 1995 rere
365 1960 535 2013 cogunt
553 1967 563 1994 :
584 1960 633 1994 ut
651 1965 749 2012 quae
769 1948 815 1993 in
836 1946 960 1993 ficcis
986 1945 1185 1992 serantur
1198 1981 1212 2002 ,
1230 1943 1451 1991 orientem
1470 1959 1521 1988 ac

246 2022 584 2085 septemtriones
603 2021 824 2084 spectent:
850 2037 948 2083 quae
967 2020 1014 2065 in
1032 2018 1225 2069 humidis
1244 2053 1258 2076 ‚
1276 2015 1526 2067 meridiem²
1576 2070 1582 2077 ,

248 2097 348 2142 Nec
377 2113 473 2142 non
503 2113 559 2141 ex
590 2095 691 2158 ipfis
710 2094 879 2142 vitibus
903 2092 1048 2140 causas
1068 2103 1327 2141 mutuantur
1343 2127 1357 2150 ,
1378 2091 1425 2136 in
1445 2089 1528 2136 fri*

250 2168 361 2232 gidis
380 2185 608 2231 praecoces
636 2167 820 2213 serendo
838 2203 851 2225 ‚
875 2179 926 2213 ut
952 2165 1180 2217 maturitas
1205 2164 1436 2224 antecedat
1458 2163 1526 2210 alu

251 2258 422 2305 gorem.
456 2242 573 2300 Quae
599 2256 733 2302 poma
758 2239 962 2302 vitesque
989 2255 1115 2284 rores
1136 2237 1342 2294 oderint,
1365 2246 1525 2286 contra

253 2327 408 2371 ortus,
443 2306 492 2358 ut
522 2311 665 2357 statim
693 2309 861 2357 auferat
885 2310 993 2356 Sol:
1027 2327 1125 2373 quae
1152 2321 1328 2366 ament,
1355 2307 1410 2359 ad
1444 2321 1525 2358 oc-

254 2385 376 2431 casus
397 2421 410 2443 ,
449 2384 524 2432 vel
550 2384 681 2431 etiam
710 2383 764 2429 ad
796 2382 1132 2445 septemtriones
1152 2418 1166 2440 ‚
1197 2393 1247 2427 ut
1277 2377 1440 2427 diutius
1469 2394 1530 2424 eo

255 2457 472 2506 fruantur.
523 2457 674 2506 Ceteri
707 2457 798 2504 fere
827 2457 1047 2504 rationem
1085 2468 1256 2505 naturae
1290 2452 1460 2512 secuti,
1480 2451 1529 2500 in.
