1653 2797
295 135 569 183 NATUR.
605 131 906 182 HISTOR.
942 136 1069 182 LIB.
1105 134 1253 183 XIX.
1339 152 1424 200 335

150 261 238 307 que
258 281 272 303 ,
301 244 386 291 alia
414 242 607 299 semine,
630 241 716 287 alia
735 242 933 299 cortice,
965 243 1049 290 alia
1078 255 1206 303 cute,
1233 243 1319 292 alia
1340 261 1433 291 car-

155 316 368 381 tilagine,
397 316 481 363 alia
504 316 665 370 carne{
698 313 785 358 alia
817 313 985 360 tunicis
1016 316 1224 363 carnosis.
1253 351 1256 356 .

219 391 365 437 XXII.
397 387 604 435 Aliorum
638 383 804 431 frustus
836 386 883 430 in
916 398 1031 434 terra
1052 389 1137 447 est,
1176 390 1366 439 aliorum
1387 393 1438 439 &

158 476 320 522 extra,
353 462 546 509 aliorum
589 475 685 505 non
723 458 804 505 nisi
839 471 983 505 extra.
1035 462 1254 520 Quaedam
1292 463 1439 526 jacent

161 534 476 596 crescuntque,
494 543 543 577 ut
565 531 809 578 cucurbitae
833 532 888 577 &¹
903 533 1121 579 cucumis.
1149 535 1313 581 Eadem
1331 553 1443 598 pen-

161 608 296 665 dent,
325 622 584 669 quanquam
629 603 842 668 gravior-a
885 604 1032 650 multo
1076 607 1209 652 etiam
1248 608 1300 655 iis
1341 626 1442 671 qua:

161 682 210 729 in
243 679 479 727 arboribus
513 679 785 742 gignuntur:
822 677 895 724 sed
932 680 1134 726 cucumis
1173 682 1441 746 cartilagine.

157 755 332 801 Cortex
365 752 470 798 huic
489 751 569 797 uni
592 749 846 796 maturitate
880 751 1033 797 transit
1061 751 1108 797 in
1128 752 1311 816 lignum.
1332 756 1443 801 Ter-

160 845 209 874 ra
245 826 505 873 conduntur
549 824 768 887 raphani,
805 824 1030 887 napique,
1065 827 1115 873 &
1148 844 1278 890 rapa:
1314 840 1444 891 atque

162 899 254 946 alio
283 899 425 945 modo
456 898 620 955 inulae,
650 896 781 954 siser,
809 896 1061 958 pastinacae.
1106 898 1326 957 Quaedam
1353 917 1443 948 vo-

166 974 368 1021 cabimus
390 972 638 1027 ferulacea,
667 982 717 1016 ut
749 969 988 1028 anethum,
1026 971 1210 1018 malvas.
1241 974 1446 1036 Namque

163 1047 344 1093 tradunt
365 1045 592 1101 amiciores,
622 1042 669 1088 in
691 1042 855 1088 Arabia
883 1042 1055 1088 malvas
1084 1043 1272 1105 septimo
1298 1046 1447 1093 mense

164 1116 449 1165 arborescere
469 1152 482 1174 ‚
507 1115 869 1178 baculorumque
900 1114 1024 1160 usum
1052 1117 1249 1178 praebere
1274 1131 1447 1165 extem-

165 1191 260 1254 plo.
295 1190 381 1236 Sed
411 1191 460 1236 &
493 1189 629 1234 arbor
664 1187 725 1233 est
761 1187 911 1233 malva
945 1188 992 1234 in
1030 1191 1309 1238 Mauretania
1348 1193 1449 1239 Lixi

166 1262 327 1325 oppidi
355 1262 558 1309 aestuario
576 1297 589 1319 ,
615 1261 692 1308 ubi
720 1260 1010 1322 Hesperidum
1041 1261 1164 1308 horti
1188 1261 1313 1309 fuiffe
1335 1281 1450 1326 pro-

166 1336 333 1382 duntur
356 1349 422 1381 CC
451 1334 553 1397 pass.
588 1335 642 1380 ab
670 1335 887 1392 Oceano,
909 1333 1034 1396 juxta
1066 1334 1301 1382 delubrum
1334 1338 1451 1384 Her-

170 1408 281 1454 culis
299 1444 314 1467 ,
345 1408 571 1471 antiquius
603 1407 857 1465 Gaditano,
890 1418 939 1454 ut
969 1406 1130 1453 ferunt.
1173 1407 1266 1470 Ipsa
1297 1408 1452 1455 altitu-

169 1480 286 1526 dinis
304 1480 470 1543 pedum
491 1493 584 1538 XX,
599 1479 890 1526 craffitudinis
906 1497 1040 1542 quam
1063 1479 1364 1543 circumpleffi
1386 1498 1455 1528 ne-

170 1569 248 1598 mo
278 1551 423 1614 poffit.
462 1552 513 1596 In
535 1550 665 1595 fimili
686 1566 845 1612 genere
875 1549 1111 1595 habebitur
1142 1552 1191 1597 &
1227 1553 1452 1604 cannabis,

171 1627 270 1672 Nec
290 1641 386 1670 non
399 1625 449 1670 &
469 1622 652 1669 carnosa
667 1623 816 1686 aliqua
834 1622 1173 1685 appellabimus,
1188 1637 1236 1670 ut
1251 1624 1454 1689 spongias

171 1698 218 1751 in
244 1698 434 1744 humore
467 1709 702 1758 pratorum
733 1695 1002 1742 enascentes.
1041 1699 1300 1760 Fungorum
1334 1700 1456 1746 enim

177 1772 339 1818 callum
361 1806 375 1829 ‚
410 1770 457 1816 in
498 1769 607 1832 ligni
637 1768 940 1832 arborumque
971 1781 1128 1816 natura
1156 1770 1378 1831 diximus,
1407 1774 1458 1820 &

173 1843 262 1889 alio
289 1858 449 1906 genere
478 1843 686 1888 tuberum
721 1843 858 1905 paulo
895 1854 1010 1889 ante.

239 1918 402 1965 XXIII.
420 1916 711 1979 Cartilaginei
740 1917 913 1980 generis
929 1954 943 1974 ,
969 1929 1185 1981 extraque
1207 1929 1371 1965 terram
1395 1919 1462 1965 eff

178 1988 410 2045 cucumis,
437 1988 550 2033 mira
582 1988 821 2050 voluptate
849 1989 1037 2036 Tiberio
1058 1990 1254 2053 principi
1283 1990 1458 2053 expeti-

177 2076 262 2108 tus.
309 2061 452 2107 Nullo
493 2060 662 2124 quippe
700 2077 795 2106 non
839 2061 910 2107 die
946 2063 1137 2126 contigit
1169 2063 1235 2121 ei,
1271 2063 1460 2125 pensiles

178 2147 338 2181 eorum
368 2133 529 2180 hortos
563 2134 943 2196 promoventibus
972 2135 1016 2181 in
1051 2137 1201 2183 Solem
1228 2137 1341 2183 rotis
1368 2138 1457 2182 oli-

179 2208 390 2254 toribus:
424 2206 660 2271 rursusque
685 2207 882 2254 hibernis
921 2209 1076 2256 diebus
1111 2210 1226 2256 intra
1262 2209 1460 2272 specula-

180 2282 300 2328 rium
336 2281 612 2327 munimenta
641 2282 975 2329 revocantibus.
1011 2284 1138 2343 Quin
1172 2283 1277 2329 lacte
1312 2283 1459 2330 mulso

182 2355 347 2403 semiue
393 2371 552 2400 eorum
597 2354 739 2401 biduo
782 2368 1044 2414 macerato,
1088 2357 1206 2420 apud
1249 2356 1459 2420 antiquos

184 2427 375 2480 Graeciae
411 2427 617 2475 austeres
653 2426 865 2492 scriptum
902 2429 962 2476 est
1003 2428 1085 2476 seri
1131 2440 1377 2492 oportere,
1411 2439 1460 2474 ut
