1653 2797
362 337 438 404 C.
492 334 833 403 PLINII
883 336 1373 407 SECUNDI

213 473 823 603 NATURALIS
881 524 1497 603 HISTORIAE

570 695 879 745 LIBER
952 694 1116 747 XIV.

207 859 239 904 Ι.
277 791 603 908 EXTERNAE
639 857 848 912 arbores,
880 854 1184 920 indocilesque
1211 856 1332 907 nasci
1357 856 1492 920 alibi,

206 947 341 994 quam
375 930 451 976 ubi
494 946 672 992 coepere
692 965 706 987 ,
732 931 782 976 δε
807 945 910 991 quae
940 929 987 974 in
1027 928 1190 975 alienas
1227 945 1323 976 non
1361 948 1494 993 com-

203 1016 354 1050 meant
383 1015 545 1061 terras,
577 1003 786 1049 hactenus
818 1002 909 1049 fere
930 1001 1042 1049 sunt.
1080 1003 1293 1067 Licetque
1317 1004 1409 1067 jam
1436 1006 1493 1052 de

202 1075 520 1123 communibus
544 1075 696 1138 loqui,
716 1092 904 1138 quarum
930 1074 1135 1120 omnium
1155 1075 1391 1137 peculiaris
1411 1095 1490 1140 pa-

201 1164 304 1194 rens
335 1147 481 1193 videri
514 1146 660 1208 potest
693 1146 830 1193 Italia.
867 1145 1115 1192 Noscentes
1139 1158 1311 1193 tantum
1332 1149 1489 1195 memi-

199 1221 351 1267 nerint
371 1256 385 1277 ,
413 1231 590 1265 naturas
629 1235 781 1264 earum
813 1237 839 1265 a
869 1220 1001 1264 nobis
1033 1220 1214 1265 interim
1247 1221 1361 1281 dici,
1389 1239 1487 1268 non

200 1294 395 1342 culturas
421 1311 431 1338 :
466 1308 721 1354 quanquam
748 1293 799 1339 &
823 1292 1004 1338 colendi
1033 1293 1226 1337 maxime
1253 1293 1301 1338 in
1325 1308 1486 1343 natura

198 1367 354 1431 portio
390 1365 466 1411 est.
503 1363 619 1410 Illud
649 1363 748 1410 satis
779 1363 931 1410 mirari
963 1380 1059 1410 non
1092 1381 1211 1428 queo
1232 1401 1245 1423 ,
1271 1365 1485 1415 interiisse

195 1438 473 1503 quarundam
519 1435 818 1494 memoriam,
855 1449 989 1500 atque
1030 1437 1163 1484 etiam
1205 1439 1482 1500 nominum,

194 1529 296 1576 quae
322 1511 524 1557 auclores
554 1509 822 1572 prodidere,
842 1510 1064 1557 notitiam.
1101 1512 1218 1571 Quis
1242 1513 1362 1560 enim
1383 1532 1481 1562 non

193 1584 530 1633 communicato
555 1583 665 1629 orbe
685 1595 921 1642 terrarum,
938 1583 1162 1646 majestate
1181 1587 1379 1632 Romani
1397 1589 1480 1635 im-

189 1660 329 1724 perii,
354 1657 591 1721 profecisse
617 1660 760 1706 vitam
787 1673 913 1723 putet
940 1660 1220 1706 commercio
1245 1677 1396 1708 rerum
1425 1664 1478 1711 ac

189 1732 402 1779 societate
431 1730 550 1777 festae
579 1731 726 1794 pacis,
746 1733 987 1795 omniaque
1009 1733 1138 1778 etiam
1165 1751 1265 1796 quae
1295 1735 1478 1783 occulta

189 1817 292 1851 ante
313 1803 488 1850 fuerant
503 1839 516 1862 ,
537 1804 583 1849 in
604 1804 864 1867 promiscuo
896 1804 974 1850 usu
1002 1803 1140 1851 facta?
1179 1807 1238 1851 At
1267 1806 1473 1855 hercules

190 1893 287 1923 non
309 1877 613 1940 reperiuntur,
634 1878 714 1941 qui
738 1878 894 1924 norint
912 1878 1052 1924 multa
1073 1878 1128 1925 ab
1147 1878 1342 1941 antiquis
1362 1898 1473 1943 pro-

187 1950 279 1997 dita
300 1968 310 1996 :
343 1962 464 2001 tanta
489 1949 741 2014 priscorum
773 1968 879 1997 cura
909 1950 1130 2009 fertilior,
1156 1962 1234 1997 aut
1258 1951 1471 2001 industria

186 2023 365 2071 felicior
385 2023 470 2069 fuit
485 2060 498 2081 ,
518 2035 618 2070 ante
636 2024 774 2071 millia
790 2041 1013 2070 annorum
1033 2024 1148 2071 inter
1171 2022 1394 2087 principia
1413 2027 1469 2074 li—

183 2109 381 2146 terarum
407 2098 604 2145 Hesiodo
631 2113 855 2162 praecepta
879 2097 1087 2162 agricolis
1112 2098 1304 2162 pandere
1332 2100 1465 2160 orso,

184 2170 506 2233 subsecutisque
543 2188 638 2217 non
672 2171 824 2234 paucis
858 2171 970 2218 hanc
1008 2187 1162 2218 curam
1195 2169 1323 2232 ejus,
1344 2172 1466 2219 unde

129 2289 134 2293 ,
181 2243 316 2291 nobis
348 2244 493 2292 crevit
527 2244 686 2291 labor:
724 2244 891 2308 quippe
930 2261 1034 2291 cum
1076 2243 1341 2307 requirenda
1378 2244 1464 2293 fint

181 2334 278 2362 non
309 2315 453 2362 solum
475 2317 626 2379 postea
652 2317 862 2377 inventa,
893 2335 1053 2365 verum
1087 2317 1221 2364 etiam
1253 2333 1334 2374 ea,
1360 2335 1463 2381 quae

179 2388 449 2435 invenerant
472 2388 630 2451 prisci,
661 2390 823 2437 defidia
850 2407 1001 2436 rerum
1029 2388 1340 2435 internecione
1364 2407 1463 2438 me·-

179 2460 337 2509 moriae
353 2459 541 2509 inducia.
563 2460 707 2525 Cujus
725 2462 871 2512 somni
890 2461 1037 2513 causas
1055 2459 1156 2524 quis
1174 2459 1303 2521 alias,
1323 2478 1458 2528 quam

1099 2534 1137 2578 A
1173 2548 1197 2577 2
