1653 2797
228 194 315 242 190
501 178 1328 226 C.PL1NIISECUND1·

222 286 432 349 cespitem
465 285 585 332 fecit.
639 287 754 332 Ante
790 302 903 333 vero
939 303 1070 350 quam
1107 286 1272 347 faciat,
1302 287 1350 334 in
1381 285 1515 336 con-s

223 376 341 406 cavo
372 359 561 405 oculus:
596 360 646 406 &
682 359 729 404 in
766 354 998 406 cacumine
1033 359 1157 423 ipso,
1195 377 1389 424 germen.
1425 363 1498 411 Sic

220 432 454 495 palmites,
486 444 696 495 nepotes,
728 449 859 490 uvae,
895 431 1033 489 folia,
1066 429 1286 496 pampini
1304 434 1498 498 gignun-

221 518 307 550 tur.
343 504 598 567 Mirumque
618 540 633 563 ,
668 501 870 551 firmiora
905 504 989 550 effe
1016 504 1062 551 in
1092 506 1247 551 dextra
1264 516 1390 567 parte
1421 521 1500 569 gef-

221 579 327 624 nita.

289 670 328 699 2.
361 653 459 698 Hos
497 668 602 715 ergo
636 651 684 697 in
712 650 897 698 surculis
925 652 1100 709 nodos,
1130 669 1232 699 cum
1259 652 1499 714 seruntur,

219 724 394 772 medios
415 723 560 770 secare
580 735 763 786 oportet
779 759 793 781 a
820 724 881 769 ita
906 740 961 768 ne
993 723 1187 786 profluat
1207 725 1416 772 medulla.
1443 727 1499 772 Et

218 798 267 844 in
298 797 387 844 fico
421 797 498 860 qui
491 797 602 842 dem
633 796 916 842 dodrant·³les
949 796 1104 859 paxilli
1137 795 1235 842 solo
1272 797 1495 860 patefac‘to

220 872 458 929 seruntur,
495 871 553 916 fic
591 882 643 915 ut
671 869 936 917 delcendant
967 887 1068 933 quae
1102 869 1313 932 proxima
1345 872 1499 920 arbori

221 943 415 999 fuerint,
451 943 542 987 duo
574 941 696 988 oculi
726 953 852 987 extra
885 957 1048 987 teriam
1081 941 1319 988 emineant.
1360 942 1502 990 Oculi

220 1028 369 1062 autem
395 1015 442 1059 in
475 1013 687 1060 arborum
716 1013 901 1060 fiirculis
928 1013 1112 1077 proprie
1134 1027 1392 1072 vocantur,
1412 1032 1502 1061 un·-

220 1088 275 1134 de
313 1086 573 1150 germinant.
604 1088 701 1133 Hac
739 1087 792 1132 de
826 1087 953 1134 causa
986 1090 1035 1134 ὃς
1067 1088 1114 1133 in
1150 1087 1379 1150 plantariis
1417 1086 1500 1135 ali-

220 1161 405 1225 quando
430 1160 592 1206 eodem
606 1176 728 1206 anno
749 1157 921 1218 ferunt,
943 1178 1059 1224 quos
1085 1159 1208 1207 fuere
1229 1161 1361 1208 laturi
1382 1161 1502 1211 fruc·

220 1247 293 1281 tus
324 1234 369 1280 in
405 1235 596 1280 arbore:
643 1251 744 1280 cum
772 1233 1040 1297 tempestive
1077 1235 1157 1282 sati
1188 1248 1466 1300 praegnantes
1485 1273 1501 1296 ,

220 1306 461 1354 inchoatos
494 1317 743 1369 conceptus
777 1306 910 1352 aliubi
930 1305 1118 1369 pariunt.
1144 1309 1207 1353 Ita
1230 1306 1337 1355 satas
1357 1307 1468 1356 ficos
1485 1344 1501 1367 ‚

221 1379 356 1425 tertio
390 1396 512 1426 anno
543 1377 782 1425 transferre
809 1378 954 1425 facile.
991 1380 1095 1426 Hoc
1130 1396 1216 1442 pro
1248 1379 1500 1427 senescendi

220 1452 446 1499 eeleritate
473 1452 738 1499 attributum
768 1452 871 1498 huic
897 1452 1074 1512 arbori,
1094 1464 1145 1499 ut
1171 1453 1371 1501 citiffime
1387 1471 1500 1518 pro-

220 1537 389 1573 Veniat.

304 1613 345 1658 3.
371 1597 547 1643 Vitium
585 1598 869 1644 numerosior
900 1597 1031 1643 satus.
1067 1597 1265 1645 Primum
1294 1599 1500 1646 omnium

219 1669 335 1716 nihil
368 1669 524 1716 seritur
554 1686 610 1716 ex
638 1670 740 1728 his,
768 1669 849 1715 nisi
880 1669 1060 1726 inutile,
1088 1672 1138 1717 &
1169 1671 1461 1750 deputatum
1452 1689 1498 1718 m

220 1742 454 1788 sarmento.
491 1743 752 1804 Opputatur
777 1752 921 1787 autem
949 1741 1165 1804 quidquid
1190 1743 1401 1805 proxime
1428 1759 1501 1789 tu-

221 1816 273 1861 lit
309 1815 516 1861 frilffilm.
559 1814 742 1861 Solebat
776 1814 1040 1877 capitulatus
1075 1816 1288 1878 utrinque
1324 1833 1348 1862 e
1382 1803 1500 1862 duro

221 1889 421 1935 surculus
444 1887 554 1934 seri:
586 1903 731 1950 eoque
757 1901 1020 1950 argumento
1041 1887 1275 1934 mall-eolus
1304 1900 1500 1936 vocatur

221 1962 354 2007 etiam
385 1976 520 2006 nunc.
557 1958 715 2006 Postea
753 1960 891 2006 avelli
928 1977 1030 2006 cum
1061 1958 1135 2006 sua
1169 1959 1291 2007 calce
1323 1977 1501 2024 coeptus

221 2034 311 2092 est,
333 2045 382 2080 ut
409 2033 456 2079 in
486 2031 604 2078 fico:
642 2049 787 2096 neque
814 2032 876 2079 est
899 2032 1019 2078 aliud
1044 2033 1266 2080 vivacius.
1292 2033 1502 2081 Tertium

221 2122 359 2171 genus
390 2102 608 2167 adjeffiim
655 2105 894 2151 etiamnum
929 2105 1178 2168 expeditius
1212 2105 1303 2152 fine
1345 2106 1501 2164 calce,

223 2194 410 2243 propter
438 2178 563 2240 quod
588 2177 754 2240 sagittae
782 2190 1035 2236 vocantur,
1074 2194 1177 2224 cum
1203 2178 1363 2225 intorti
1386 2196 1500 2241 pan-

222 2264 409 2316 guntur:
428 2247 574 2296 *iidem
606 2267 708 2296 cum
742 2251 867 2297 recisi
900 2267 982 2297 nec
1007 2250 1197 2309 intorti,
1233 2251 1499 2315 trigemmeS.

222 2325 375 2371 Plures
407 2335 557 2371 autem
588 2339 645 2369 ex
676 2323 835 2369 eodem
863 2321 1039 2369 surculo
1077 2322 1167 2370 hoc
1198 2322 1339 2369 modo
1367 2321 1494 2369 fiunt.

223 2399 374 2444 Serere
404 2415 428 2444 e
454 2397 738 2461 pampinariis
770 2396 913 2442 sterile
942 2396 1026 2455 est,
1057 2414 1139 2445 nec
1167 2397 1248 2443 nifi
1275 2396 1495 2444 foecundo

222 2486 417 2538 oportet.
454 2476 570 2535 Quae
595 2490 719 2522 raros
754 2473 887 2520 habet
916 2473 1063 2520 nodos
1083 2509 1098 2530 ‚
1132 2471 1392 2519 infoecunda
1419 2469 1494 2533 ju-
