1653 2797
277 143 342 200 64
537 141 589 186 c.
638 138 895 186 PLINII
940 140 1319 199 SECUNDII

274 250 370 298 aliis
388 248 614 296 tribuens:
635 247 849 310 quoniam
865 247 924 294 est
942 247 1152 295 naturalis
1172 249 1399 297 causarum
1415 251 1562 298 tranfi-

271 338 368 381 τηε,
391 336 524 380 atque
539 338 563 368 e
585 321 941 384 putrescentibus
961 321 1205 368 identidem
1223 336 1458 386 generatur
1474 326 1558 371 ati-

273 398 396 462 quid.
426 398 547 459 Ergo
577 394 742 441 culices
774 394 916 456 parit:
952 393 998 438 hi
1037 393 1228 442 fraudati
1263 396 1479 443 alimento
1511 399 1559 445 'm

272 482 438 526 matre,
459 467 581 531 putri
604 467 697 529 ejus
721 468 819 514 tabe
838 468 935 527 ,ad
963 479 1199 530 cognatam
1218 469 1402 516 volant:
1430 487 1558 516 mor-

271 546 410 608 suque
427 542 620 591 ficorum
642 543 828 600 crebro,
850 543 940 589 hoc
972 540 1034 587 est
1049 577 1063 600 ,
1083 542 1288 589 avidiore
1307 536 1433 606 pastu
1449 562 1557 591 atie-

271 619 436 666 rientes
475 632 556 662 ora
596 633 780 674 earum,
819 627 952 677 atque
986 614 1046 660 ita
1086 626 1401 677 penetrantes,
1436 617 1556 663 intus

270 692 422 739 Solem
453 690 602 752 primo
640 687 790 735 secum
828 687 1075 745 inducunt,
1111 687 1394 753 cerealesque
1429 706 1555 737 auras

267 765 517 814 immittunt
545 762 718 808 foribus
751 761 984 822 adapertis.
1027 764 1140 807 Mox
1173 762 1363 810 lacteum
1385 764 1551 811 humo-

267 856 391 895 rem,
419 836 508 881 lioc
546 835 633 890 est,
668 832 902 878 infantiam
933 832 1093 894 pomi,
1130 832 1391 881 absumunt:
1423 837 1552 899 quod

267 912 318 958 fit
358 913 406 956 &
434 908 606 970 sponte.
640 906 839 968 Ideoque
867 904 1010 952 ficetis
1046 904 1283 968 caprificus
1313 908 1552 970 praemitti—

266 995 340 1028 tur
376 981 429 1026 ad
461 978 683 1024 rationem
722 976 872 1034 venti,
903 987 954 1022 ut
989 975 1116 1022 flatus
1147 978 1385 1025 evolantes
1417 980 1466 1026 in
1496 980 1552 1026 fi-

268 1070 345 1101 cus
379 1051 504 1099 ferat.
531 1048 636 1095 Inde
666 1061 915 1110 repertum,
945 1060 996 1093 ut
1023 1047 1154 1094 illatae
1186 1066 1370 1113 quoque
1402 1051 1551 1099 aliun-

265 1127 319 1173 de
339 1162 353 1184 ,
386 1126 437 1171 δε
470 1123 585 1168 inter
621 1121 662 1167 se
693 1121 918 1184 colligatae
948 1121 1239 1183 injicerentur
1266 1124 1394 1172 fico:
1423 1128 1552 1189 quod

265 1201 314 1248 in
350 1214 504 1246 macro
533 1196 632 1242 solo
657 1196 705 1242 &
734 1194 972 1257 aquilonio
1005 1211 1101 1241 non
1120 1196 1406 1244 desideratur:
1430 1217 1549 1263 quo-
1597 1220 1609 1224 κ

265 1274 387 1320 niam
416 1272 575 1335 sponte
606 1268 809 1315 arescunt
843 1268 936 1313 loci
974 1268 1084 1324 situ,
1122 1269 1334 1333 rimisque
1364 1273 1547 1333 eadem,

264 1364 367 1410 quae
395 1345 592 1392 culicum
625 1358 765 1404 opera
783 1377 797 1399 ,
819 1339 946 1387 causa
974 1340 1180 1403 perficit:
1204 1340 1312 1406 (nec
1339 1361 1436 1390 non
1470 1345 1546 1392 ubi

264 1418 430 1465 multus
460 1415 640 1479 pulvis:
669 1414 795 1477 quod
821 1413 975 1459 evenit
1007 1414 1199 1460 maxime
1228 1413 1452 1478 frequenti
1472 1418 1548 1465 via

263 1489 486 1552 apposita:
525 1502 719 1548 namque
758 1487 808 1531 &
843 1484 1024 1546 pulveri
1064 1486 1134 1532 vis
1167 1485 1407 1547 ficeandi,
1445 1489 1547 1537 suc-

264 1581 459 1627 cumque
483 1562 603 1609 lactis
626 1560 891 1607 absorbendi
911 1557 947 1623 ;>
980 1577 1082 1622 quae
1109 1560 1227 1606 ratio
1242 1597 1256 1619 ‚
1279 1562 1467 1624 pulvere
1495 1565 1547 1613 &

263 1636 602 1701 caprificatione
639 1635 731 1681 hoc
770 1651 954 1698 quoque
982 1634 1179 1696 praestat,
1211 1652 1268 1681 ne
1303 1637 1545 1697 decidant,

260 1711 461 1758 absumto
489 1710 679 1755 humore
712 1720 897 1767 tenero,
931 1710 981 1756 &
1018 1725 1120 1772 cum
1152 1709 1340 1772 quadam
1373 1709 1542 1775 fragili-

261 1796 350 1830 tate
384 1781 659 1846 ponderoso.

328 1857 443 1904 Ficis
464 1856 614 1902 mollis
634 1855 842 1902 omnibus
861 1856 1023 1902 tactus:
1044 1855 1224 1902 maturis
1241 1855 1464 1903 frumenta
1482 1857 1541 1903 in·

261 1947 356 1979 tus:
379 1931 535 1978 succus
556 1929 954 1977 maturescentibus
980 1930 1123 1988 laetis,
1140 1930 1360 1992 percoffis
1382 1931 1541 1979 mellis.

261 2003 503 2051 Senescunt
534 2003 582 2049 in
612 2003 798 2060 arbore,
827 2001 1019 2065 anusque
1053 2001 1260 2048 distillant
1292 2002 1540 2064 gummium

262 2078 458 2125 lacrima.
502 2078 650 2124 Siccas
692 2078 843 2123 honos
881 2076 1076 2123 laudatas
1114 2076 1258 2122 servat
1290 2075 1337 2121 in
1367 2077 1539 2138 capsis,

260 2148 409 2196 Ebuso
428 2148 567 2195 insula
590 2147 956 2211 praestantiffimas
973 2183 986 2204 ‚
1011 2146 1403 2210 amphffimasque,
1425 2164 1538 2194 mox

262 2222 307 2268 in
330 2221 612 2267 Marrucinis.
633 2223 690 2267 At
706 2221 783 2266 ubi
805 2221 938 2282 copia
956 2220 1177 2277 abundat,
1195 2219 1437 2282 implentur
1460 2237 1536 2266 or-

263 2312 325 2340 cae
346 2294 391 2340 in
411 2293 530 2351 Afia,
550 2293 646 2339 cadi
661 2305 809 2339 autem
835 2293 880 2337 in
905 2291 1100 2354 Ruspina
1114 2292 1279 2340 Africae
1299 2293 1432 2339 urbe:
1458 2309 1533 2355 pa·

262 2365 414 2428 nisque
435 2364 561 2410 simul
583 2366 631 2412 δέ
651 2363 831 2410 obsonii
854 2363 1000 2409 vicem
1024 2364 1193 2411 ficcatae
1222 2365 1434 2427 implent:
1460 2376 1532 2410 ut-

261 2449 369 2499 pote
404 2453 507 2486 cum
545 2436 663 2483 Cato
703 2435 866 2484 cibaria
901 2436 1015 2483 ruris
1053 2436 1268 2500 operariis
1305 2435 1417 2498 justa
1448 2453 1531 2484 ceu
