1653 2797
231 185 315 231 172
492 143 1340 219 C.PL1N115ECUND1³

222 275 343 323 ribus
373 278 570 324 tradunt.
599 277 787 326 Radices
818 278 1001 325 inflexas
1027 279 1139 342 poni
1157 280 1327 328 melius.
1351 280 1501 328 Arbo*

219 364 314 393 rem
345 347 482 408 ipsam
506 349 567 394 ita
594 347 772 407 locari,
801 365 852 396 ut
881 350 1027 397 media
1057 351 1107 397 sit
1132 352 1271 398 totius
1300 350 1498 412 scrobis,

218 420 522 468 neceffarium.
555 421 705 480 Ficus,
726 422 757 467 si
784 423 831 468 in
851 422 972 469 scilla
1003 422 1282 487 (bulborum
1313 422 1402 470 hoc
1425 439 1498 486 ge-

217 510 300 540 nus
335 494 427 556 est)
458 494 649 553 seratur,
680 495 878 543 ociffime
906 495 1020 542 ferre
1051 497 1242 542 traditur
1274 513 1498 559 pomum,

217 583 363 629 neque
398 568 767 615 vermiculationi
806 568 1087 615 obnoxium:
1133 585 1228 632 quo
1264 568 1383 615 vitio
1420 585 1497 615 ca-

212 651 314 685 rent
360 641 533 705 reliqua
573 658 710 704 poma
751 640 950 687 fimiliter
996 640 1096 688 sata.
1149 641 1369 688 Radicum
1403 640 1499 703 ejus
1554 680 1557 684 ,

212 728 417 775 magnam
463 713 763 760 adhibendam
805 729 990 770 curam,
1023 715 1086 758 ut'
1114 725 1310 761 exemtas
1356 731 1497 776 appa-

213 797 306 831 reat
325 822 338 843 ‚
367 804 461 834 non
494 787 669 833 evulsas
689 823 703 844 ‚
732 787 831 849 quis
860 785 1067 832 dubitet?
1103 787 1208 845 Qua
1239 788 1416 833 ratione
1444 788 1495 834 δε

211 858 382 922 reliqua
415 858 610 906 confeffa
644 858 925 905 omittimus:
959 857 1084 904 sicuti
1104 870 1264 904 terram
1285 859 1403 906 circa
1422 876 1496 905 ra-

212 932 331 978 dices
365 931 570 978 fistucato
603 931 893 995 spissandam,
925 931 1052 995 quod
1072 933 1191 979 Cato
1221 931 1418 994 primum
1447 932 1495 977 in

211 1021 262 1050 ea
290 1022 336 1051 re
369 1005 452 1051 effe
484 1005 651 1053 censet:
683 1006 857 1069 plagam
892 1022 1078 1070 quoque
1105 1023 1129 1052 a
1156 1017 1321 1052 trunco
1349 1005 1495 1053 oblini

210 1076 320 1123 fimo
340 1114 354 1135 ‚
383 1081 433 1126 ὅ(
459 1078 582 1126 foliis
617 1080 839 1143 praeligari
870 1080 1148 1144 praecipiens.

275 1153 417 1199 XVII.
449 1151 593 1213 Hujus
623 1152 716 1199 loci
756 1169 855 1215 pars
893 1153 954 1199 est
993 1153 1048 1199 ad
1077 1152 1316 1199 intervalla
1353 1152 1495 1215 perti-

208 1241 333 1271 nens.
370 1225 571 1284 Quidam
591 1226 777 1272 Punicas
793 1262 806 1284 ,
833 1228 882 1274 δε
901 1238 1082 1289 myrtos
1101 1262 1114 1283 ‚
1136 1227 1186 1274 &
1215 1227 1365 1272 lauros
1384 1227 1495 1272 den-

208 1298 345 1345 fiores
383 1298 466 1344 seri
501 1298 748 1359 juss'erunt,
788 1300 836 1345 in
872 1299 1058 1362 pedibus
1096 1312 1245 1345 tamen
1283 1298 1496 1345 novenis.

212 1372 362 1418 Malos
381 1372 571 1434 amplius
602 1373 739 1436 paulo
762 1409 775 1431 ‚
803 1373 880 1419 vel
909 1373 1050 1436 magis
1072 1373 1205 1419 etiam
1224 1373 1373 1435 piros,
1393 1389 1490 1418 maa-

209 1444 359 1507 gisque
392 1446 649 1508 amygdalas
669 1482 682 1503 ‚
714 1446 763 1493 δε
790 1444 929 1493 ficus:
972 1446 1097 1509 quod
1125 1445 1298 1508 optime
1330 1444 1492 1506 dijudi-

212 1515 332 1561 cabit
363 1533 591 1562 ramorum
633 1516 942 1580 amplitudinis
975 1519 1122 1576 ratio,
1159 1519 1492 1582 locorumque,

207 1589 257 1635 δέ
287 1588 457 1634 umbrae
488 1588 698 1652 cujusque
725 1590 920 1636 arboris:
952 1592 1169 1653 quoniam
1203 1592 1280 1638 has
1308 1608 1492 1654 quoque

207 1660 439 1708 observari
469 1674 666 1725 oportet.
698 1665 864 1709 Breves
899 1663 1023 1722 sunt,
1056 1665 1268 1727 quamvis
1302 1682 1489 1728 magna-

206 1752 306 1781 rum
331 1736 570 1791 arborum,
606 1754 705 1800 quae
741 1737 787 1782 in
819 1737 978 1783 orbem
1007 1754 1157 1784 ramos
1177 1738 1418 1795 circinent‚
1440 1751 1490 1784 ut

206 1809 252 1855 in
272 1809 399 1855 malis
417 1846 429 1867 ‚
450 1809 658 1872 pirisque.
691 1812 868 1857 Eaedem
898 1827 1105 1857 enormes
1128 1810 1309 1868 cerafis,
1341 1810 1491 1859 lauris.

271 1883 434 1930 XVIII.
471 1885 564 1930 Jam
592 1885 796 1947 quaedam
823 1885 1078 1930 umbrarum
1114 1883 1380 1947 proprietas.
1407 1885 1486 1930 Ju-

206 1956 434 2019 glandium
463 1957 611 2020 gravis
639 1957 688 2004 &
726 1958 890 2014 noxia,
924 1957 1057 2003 etiam
1085 1956 1219 2019 capiti
1251 1956 1451 2003 humano
1471 1975 1491 2014 ς

206 2028 504 2092 omnibusque
537 2028 661 2090 juxta
696 2029 810 2076 satis,
846 2031 990 2078 Necat
1020 2029 1219 2092 gramina
1243 2030 1291 2075 &
1324 2028 1487 2090 pinus:

206 2101 280 2148 sed
318 2103 466 2148 ventis
501 2115 686 2166 utraque
719 2102 906 2158 resistit,
948 2119 1036 2165 qua
1072 2100 1161 2162 jam
1197 2103 1245 2148 &
1284 2101 1487 2163 proteela

206 2176 440 2221 vinearum
463 2176 637 2222 ratione
658 2190 802 2239 egent.
835 2175 1068 2223 Stillicidia
1086 2174 1216 2236 pinus
1231 2210 1245 2232 ,
1268 2190 1486 2237 quercus,

205 2248 344 2306 ilicis,
366 2248 746 2311 ponderofifiima.
778 2248 963 2294 Nullum
985 2246 1194 2309 cupreffi,
1223 2246 1379 2292 umbra
1400 2245 1486 2292 mi-

209 2321 329 2367 nima
350 2357 362 2378 ‚
395 2323 444 2368 &
477 2321 522 2366 in
555 2319 594 2366 se
621 2321 886 2367 convoluta.
924 2320 1135 2365 Ficorum
1163 2319 1306 2377 levis,
1333 2334 1486 2382 quam-

210 2392 282 2437 vis
320 2391 484 2454 sparsa:
520 2391 714 2454 ideoque
739 2392 855 2437 inter
888 2391 1045 2437 vineas
1081 2390 1161 2436 seri
1192 2407 1288 2436 non
1321 2405 1485 2437 vetan-

212 2474 297 2509 tur.
318 2463 559 2511 Ulmorum
594 2463 738 2522 lenis,
778 2463 911 2510 etiam
946 2463 1177 2522 nutriens,
1219 2478 1491 2526 quacunque
