1653 2797
212 148 311 201 ‚410
503 134 1252 188 C.PL1N118ECUND1

214 263 338 295 tores
353 282 366 305 ,
387 232 719 294 fimisitudinem
739 246 907 296 coloris
925 247 1077 295 studiis
1095 246 1314 296 contracti
1345 247 1499 298 imita*

215 332 312 367 tos:
331 321 381 367 &
410 320 550 383 paulo
571 333 673 367 ante
704 321 869 368 Julium
890 321 1128 368 Vindicem
1160 322 1415 370 assertorem
1435 322 1501 368 il-

214 390 313 436 lum
340 408 366 437 a
393 393 579 439 Nerone
609 391 848 451 libertatis,
877 393 1132 456 captatione
1158 394 1405 441 testamenti
1432 393 1495 442 fic

215 464 541 512 lenocinatum.
576 466 765 512 Narium
798 459 1055 530 sanguinem
1087 465 1268 527 pastillis
1300 466 1500 514 inditum.

215 536 294 584 vel
321 554 378 583 ex
402 551 532 586 aceto
558 554 715 585 recens
741 537 862 585 sistit.
901 540 957 583 Et
981 538 1225 585 oculorum·
1260 538 1495 603 epiphoris

213 625 296 671 per
321 609 364 656 se
383 610 641 675 impositum
660 647 673 670 ,
697 609 971 657 tumentibus
1003 627 1105 657 cum
1133 609 1263 657 melle
1297 610 1494 674 prodest.

215 681 464 730 Infantibus
486 685 661 748 imponi
684 686 730 731 in
755 696 918 734 ventre
944 684 1042 731 satis
1074 684 1149 731 est.
1176 684 1346 732 Morbo
1366 683 1499 748 regio¹

215 754 265 801 in
292 755 407 802 vino
429 757 534 803 albo
554 775 577 804 a
597 757 781 804 balineis
804 757 959 804 datur:
976 756 1285 820 AEthiopicum
1303 756 1497 803 maxime

216 830 262 877 in
285 831 448 893 posca,
466 833 516 879 &
543 832 589 880 in
614 833 792 897 ligmate
824 849 928 879 cum
958 832 1104 879 melle.
1134 831 1352 880 Africano
1383 849 1500 896 pau-

216 902 340 949 latim
370 904 510 950 urina:
533 904 912 952 incontinentiam
942 904 1147 951 cohiberi
1181 916 1354 968 putant.
1384 903 1500 951 Sati-

218 992 330 1021 vum
358 976 485 1023 datur
503 978 557 1024 ad
571 977 789 1040 jocineris
812 976 924 1024 vitia
943 977 1105 1024 tostum
1119 1014 1134 1035 ,
1153 978 1309 1025 tritum
1327 977 1374 1024 in
1395 993 1498 1024 ace-

218 1059 282 1093 to,
307 1050 416 1094 Item
443 1049 498 1094 ad
516 1050 801 1114 vertiginem.
825 1049 879 1095 lis
901 1065 1015 1096 vero
1031 1086 1045 1108 ,
1066 1066 1181 1115 quos
1200 1050 1350 1097 acrior
1369 1050 1502 1097 urina-

217 1123 422 1170 mordeat
441 1158 454 1180 ,
486 1123 532 1168 in
581 1123 704 1171 dulci
746 1124 899 1171 tritum
946 1125 1076 1171 vino.
1144 1123 1217 1170 Ad
1252 1123 1501 1170 vulvarum

218 1194 332 1240 vitia
355 1196 400 1242 in
429 1195 544 1243 Vino
567 1215 577 1243 ε
602 1209 876 1260 praeterque,
906 1196 1125 1259 impositis
1147 1196 1316 1243 vellere
1346 1195 1499 1244 foliis:

216 1269 396 1317 testium
421 1270 672 1317 tumoribus
686 1307 700 1329 ‚
727 1269 894 1318 tostum
909 1272 1186 1334 ‚tritumque
1214 1287 1317 1317 cum
1338 1271 1469 1317 melle
1482 1306 1505 1330 ‚

218 1354 294 1389 aut
315 1360 419 1390 cum
437 1344 622 1391 rosaceo
644 1347 693 1392 &
714 1360 826 1392 cera.

284 1416 495 1464 Silvestre
517 1417 573 1464 ad
592 1417 747 1464 omnia
766 1418 920 1464 eadem
940 1415 1177 1463 efficacius.
1208 1416 1426 1463 Praeterea
1445 1416 1504 1464 ad

221 1489 444 1551 serpentes
473 1507 577 1536 cum
607 1490 713 1537 oleo
734 1527 748 1547 ,
770 1490 823 1535 ad
851 1488 1142 1551 scorpiones,
1173 1489 1227 1534 ad
1258 1487 1502 1551 scolopen÷

222 1561 334 1609 dras.
370 1562 491 1608 Sistit
536 1565 586 1609 &
624 1563 929 1610 vomitionem
958 1561 1223 1623 nauseasqtte
1257 1578 1313 1607 ex
1349 1562 1464 1608 vino
1486 1597 1504 1619 ,

221 1646 441 1697 quantum
463 1634 837 1697 apprehenderint
857 1646 945 1680 tres
964 1633 1104 1696 digiti.
1132 1635 1324 1694 Propter
1348 1633 1499 1680 colum

220 1725 408 1772 quoque
431 1709 599 1755 bibitur
623 1708 901 1770 illiniturque
921 1744 936 1764 ‚
963 1706 1041 1754 vel
1066 1706 1288 1769 penicillis
1319 1706 1502 1754 fervens

223 1782 486 1844 adprimitur
506 1781 665 1830 fasciis.
702 1780 1083 1844 Strangulationes
1104 1781 1257 1829 vulvae
1275 1792 1436 1842 potum
1455 1780 1503 1825 in

222 1856 339 1903 vino
364 1857 507 1920 aperit
524 1893 537 1915 ,
558 1857 700 1903 tribus
722 1856 940 1903 drachmis
959 1855 1005 1901 in
1024 1855 1164 1902 tribus
1183 1855 1359 1918 cyathis
1385 1854 1503 1903 vini.

225 1929 422 1976 Auribus
462 1930 697 1977 instillatur
733 1930 787 1976 ad
819 1929 989 1975 sonitus
1027 1940 1158 1991 atque
1184 1927 1372 1973 tinnitus
1399 1945 1507 1974 cum

225 2003 331 2049 {febo
361 2004 560 2050 vitulino
583 2040 597 2062 ,
625 2003 701 2050 vel
734 2003 879 2050 melle.
918 2002 1140 2068 Sugillatis
1177 2001 1366 2048 illinitur
1398 2019 1506 2048 cum

225 2076 383 2133 melle,
407 2078 455 2124 δε
484 2093 574 2124 uva
603 2076 719 2139 passa
738 2112 753 2135 ,
781 2078 831 2124 &
859 2087 1002 2124 aceto,
1034 2073 1258 2139 Lentigini
1287 2074 1427 2139 nigrae
1447 2091 1505 2121 ex

228 2165 374 2195 aceto.

291 2224 443 2269 LVIII.
472 2223 544 2269 Est
562 2221 746 2269 cumino
777 2221 1043 2268 simillimum
1063 2256 1076 2278 ,
1100 2220 1226 2283 quod
1245 2218 1396 2267 Graeci
1416 2235 1502 2266 vo·

227 2309 331 2343 cant
361 2296 508 2343 ammi.
549 2297 747 2356 Quidam
784 2313 897 2342 vero
925 2294 1238 2357 AEthiopicum
1269 2292 1502 2340 cuminum

229 2369 274 2413 {d
308 2369 390 2414 effe
426 2367 692 2414 existimant,
733 2356 1032 2430 Hippocrates
1068 2366 1238 2430 regium
1274 2364 1466 2428 appellat
1488 2399 1504 2420 ‚

230 2440 441 2489 videlicet
474 2439 579 2503 quia
609 2438 828 2486 efficacius
861 2437 1078 2502 AEgyptio
1104 2436 1334 2498 judicavit.
1369 2432 1501 2480 Plexi-
