1653 2797
236 164 525 213 NATUR,
561 167 880 216 HISTOR.
917 171 1047 217 LIB.
1082 173 1202 220 XX.
1292 177 1381 237 387

109 271 389 336 copiosiores
408 273 621 331 solvunt,
643 275 835 321 modicae
864 276 1029 324 sistunt.
1059 280 1295 329 Lentitiarn
1312 282 1383 346 pin

107 347 230 393 tuitae
259 346 493 411 digerunt,
519 358 648 410 atque
676 359 726 393 ut
744 348 879 411 aliqui
912 351 1217 415 tradiderunt,
1238 356 1382 404 sensus

106 433 312 485 purgant.
342 419 572 467 Stomachi
604 420 801 467 dissoluti
824 421 1048 469 utiliffime
1080 425 1379 487 adjuvantur:

105 494 154 541 in
185 510 240 540 eo
277 492 358 540 usu
393 493 445 539 &
481 492 688 557 oxypori
726 491 876 538 obolis
912 494 1190 557 asperitatem
1228 500 1382 549 addito

105 566 245 620 dulci
266 563 594 621 adintinffiim
626 565 742 612 aceti
777 576 1104 628 temperantes:
1137 570 1167 616 fi
1202 573 1383 621 craffior

103 639 264 704 pituita
290 638 370 697 fit,
402 638 557 686 scillite
589 653 664 686 aut
688 639 801 686 vino
828 639 1094 687 abfinthite:
1127 643 1176 689 &
1204 645 1235 690 si
1263 648 1384 693 tuliis

103 712 314 759 sentiatur
328 747 342 768 ‚
363 709 592 776 hyffopite
610 712 826 758 admixto.
857 712 1038 759 Dantur
1058 714 1258 762 coeliacis
1280 736 1384 765 cum

103 783 264 833 intubo
282 785 493 842 erratico,
513 787 562 831 &
581 786 635 831 ad
653 785 857 831 duritiam
873 786 1241 848 praecordiorum.
1262 792 1383 837 Dan⁴

102 870 175 905 tur
203 858 254 903 &
288 856 629 904 melancholicis
671 857 870 904 candidae
904 857 1209 920 copiosiores,
1243 864 1293 909 δε
1328 863 1385 910 ad

101 928 263 976 veficae
282 928 406 975 vitia.
430 929 700 991 Praxagoras
722 929 772 974 &
797 927 1088 992 dysentericis
1117 930 1251 979 dedit.
1272 935 1383 981 Am-

102 1001 239 1049 bustis
271 1017 454 1066 quoque
479 1000 667 1064 prosunt
695 1001 976 1059 recentibus,
1008 1001 1264 1066 priusquam
1296 1023 1383 1068 pu·—

102 1072 228 1119 stulae
256 1070 397 1130 fiant,
427 1089 529 1118 cum
564 1071 650 1118 sale
684 1071 823 1119 illitae.
855 1073 1049 1119 Hulcera
1079 1073 1211 1121 etiam
1230 1111 1244 1133 ‚
1281 1094 1383 1140 quae

101 1146 310 1209 serpunt,
336 1156 548 1193 coercent
567 1180 582 1203 ,
606 1145 737 1190 initio
760 1161 860 1191 cum
880 1145 1151 1207 aphronitro
1167 1180 1180 1205 ‚
1203 1163 1314 1193 mox
1332 1149 1382 1194 in

102 1219 232 1265 vino.
252 1218 393 1267 Tritae
410 1218 503 1282 igni
522 1217 646 1264 sacro
667 1218 916 1264 illinuntur.
937 1218 1168 1265 Convulsa
1185 1222 1234 1267 &
1254 1221 1385 1267 luxa-

101 1305 148 1359 ta
173 1289 372 1339 caulibus
404 1291 517 1338 tritis
551 1308 652 1337 cum
687 1291 871 1353 polenta
898 1307 954 1337 ex
983 1308 1097 1356 aqua
1132 1291 1290 1356 frigida
1312 1293 1381 1340 le*

101 1365 247 1412 niunt.
277 1362 550 1427 Eruptiones
574 1363 867 1427 papularum,
898 1381 954 1410 ex
973 1365 1087 1411 vino
1109 1367 1159 1412 &
1182 1366 1383 1428 polenta.

101 1440 153 1485 In
171 1436 356 1507 cholera
371 1454 556 1502 quoque
578 1437 724 1483 coctas
742 1437 904 1499 patinis
923 1437 1163 1484 dederunt:
1183 1439 1238 1484 ad
1257 1441 1379 1501 qnod

101 1507 339 1557 utiliffimae
367 1526 503 1572 quam
521 1509 706 1556 maximi
728 1508 862 1557 caulis
892 1510 942 1555 δε
971 1526 1145 1557 amarae.
1163 1510 1381 1570 .Quidam

99 1583 211 1630 lafite
236 1580 495 1629 infundunt.
531 1581 840 1629 Defervefaffi
868 1581 912 1627 hi
954 1582 1099 1628 caules
1125 1584 1175 1630 δέ
1213 1583 1380 1631 stoma-⁵

100 1657 189 1705 cho
212 1655 424 1702 utiliffimi
450 1657 707 1702 traduntur:
741 1650 852 1702 sicut
876 1654 1036 1701 somno
1059 1655 1210 1705 aestiva
1236 1659 1382 1704 maxi-

98 1745 172 1776 me
205 1728 403 1786 laffitca,
438 1730 487 1775 &
521 1745 667 1776 amara
701 1727 975 1791 lacteusque,
1015 1745 1145 1791 quam
1174 1732 1382 1776 meconi-⁶

98 1802 202 1849 dem
221 1800 509 1851 vocavimus.
532 1802 634 1847 Hoc
656 1800 723 1846 lac
745 1803 794 1848 δε
812 1801 1053 1847 oculorum
1072 1801 1259 1848 claritati
1278 1819 1382 1850 cum

99 1867 306 1933 muliebri
322 1868 430 1921 laCte
446 1873 721 1920 utilissimum
739 1874 822 1919 effe
842 1873 1129 1936 praecipitur,
1148 1875 1252 1920 dum
1269 1887 1383 1922 tem-⁶

99 1947 271 2011 pestive
305 1947 439 2010 capiti
464 1948 761 2010 inunguntur.
798 1947 1053 1993 Oculorum
1087 1964 1272 2012 quoque
1305 1949 1383 1994 vi-

101 2019 203 2077 tiis,
243 2034 345 2083 quae
380 2018 548 2083 frigore
578 2019 624 2064 in
654 2019 707 2065 iis
733 2018 852 2073 fafita‘
875 2018 988 2066 sunt.
1032 2021 1169 2066 Miras
1197 2024 1246 2068 ὅ(
1276 2021 1383 2068 alias

99 2089 293 2144 invenio
313 2090 484 2141 laudes:
507 2093 725 2140 Thoracis
747 2094 878 2139 etiam
896 2093 1019 2140 vitiis
1036 2088 1237 2156 prodesse
1250 2129 1264 2152 ‚
1286 2111 1382 2140 non

99 2167 223 2214 secus
242 2183 375 2230 quam
397 2167 696 2224 abrotonum,
715 2183 816 2212 cum
844 2165 974 2212 melle
999 2165 1169 2212 Attico.
1201 2167 1381 2230 Purgari

101 2240 151 2285 &
169 2236 354 2284 feminas
373 2238 462 2285 hoc
485 2238 602 2285 cibo.
635 2238 793 2284 Semen
812 2237 1050 2286 sativarum
1071 2251 1228 2285 contra
1256 2239 1383 2285 scor-

101 2310 262 2374 piones
294 2310 399 2357 dari.
440 2311 615 2357 Semine
645 2310 754 2356 trito
786 2326 842 2355 ex
862 2311 976 2358 vino
1007 2323 1120 2373 poto
1145 2314 1193 2358 ὅ(
1226 2310 1380 2356 libidi-

102 2401 210 2430 num
239 2381 579 2447 imaginationes
602 2383 649 2429 in
677 2382 836 2429 somno
868 2383 1107 2447 compesci.
1139 2384 1384 2431 Tentantes
1424 2410 1427 2412 ·

102 2472 236 2520 aquas
261 2473 357 2504 non
378 2472 543 2505 nocere
562 2456 775 2504 laElucam
799 2456 1044 2503 edentibus.
1087 2456 1285 2516 Quidam
1314 2470 1386 2504 ta-

980 2531 1012 2575 B
1031 2529 1059 2575 b
1095 2546 1120 2575 2
