1653 2797
245 201 529 251 NATUR.
566 191 881 248 H1sToR.
922 195 1064 279 LJ‘B.
1109 196 1263 250 XVI.
1341 211 1420 266 13}

145 309 218 367 ni,
248 327 382 371 quem
422 311 537 357 diem
572 309 646 356 alii
680 308 943 366 interlunii,
982 311 1057 356 alii
1098 310 1263 359 silentis
1301 310 1424 359 lunae

143 383 382 445 appellant.
421 383 492 428 Sic
528 394 647 429 certe
688 381 898 427 Tiberius
939 384 1086 430 Caesar
1133 399 1422 432 concremato

142 467 285 514 ponte
317 453 652 499 naumachiario
673 488 686 511 ‚
724 452 878 499 larices
901 455 954 501 ad
977 455 1294 506 restituendum
1315 460 1426 506 caedi

136 524 191 570 in
223 525 395 570 Rhaetia
426 523 686 587 praefinivits
724 527 923 586 Quidam
951 528 1132 586 dicunt,
1152 544 1200 575 ut
1227 531 1272 577 in
1299 533 1426 579 coitu

139 600 192 645 ὅ(
219 598 298 643 sub
328 608 444 645 terra
481 599 532 646 fit
564 601 720 647 Luna:
751 602 876 664 quod
906 600 1001 647 fieri
1030 619 1126 647 non
1162 606 1309 665 potest
1345 607 1425 654 nist

138 671 289 718 noctu.
316 672 376 716 At
408 671 440 717 fi
461 685 721 735 competant
743 674 891 721 coitus
916 674 962 720 'in
989 676 1284 723 noviffimum
1307 681 1424 727 diem

136 744 332 801 brumae,
367 744 442 790 illa
475 745 526 790 fit
557 757 721 791 aeterna
763 745 999 793 materies:
1041 749 1249 810 proxime
1270 787 1283 809 ,
1318 769 1422 800 cum

103 868 113 880 .
134 816 263 879 supra
287 816 410 864 diffis
435 817 662 865 sideribus.
698 818 899 878 Quidam
923 821 972 866 ὅ(
995 820 1130 867 Canis
1161 836 1314 870 ortum
1340 825 1419 871 ad-

133 889 274 947 dunt,
307 892 356 937 &
392 890 451 937 fic
485 889 613 936 caesas
650 891 852 937 materies
888 891 934 936 in
973 890 1123 938 forum
1158 895 1422 958 Augustum.

134 962 230 1009 Nec
248 961 446 1008 novellae
464 974 611 1008 autem
629 963 684 1009 ad
700 963 931 1009 materiem
945 999 958 1022 ‚
979 980 1062 1010 nec
1081 980 1255 1012 veteres
1273 968 1416 1015 utilis—

132 1033 262 1079 fimae.
296 1033 593 1080 Circumcisas
615 1050 800 1098 quoque
819 1034 874 1087 ad
899 1035 1135 1081 medullam
1160 1037 1297 1101 aliqui
1321 1057 1417 1088 non

130 1102 349 1149 inutiliter
388 1103 684 1166 relinquunt,
717 1118 768 1150 ut
813 1104 961 1152 omnis
1000 1106 1166 1152 humor
1205 1107 1433 1155 stantibus-¹

128 1174 306 1224 defluat.
341 1176 510 1222 Mirum
531 1175 651 1238 apud
676 1175 887 1239 antiquos
917 1176 1063 1239 primo
1085 1178 1258 1232 Punico
1290 1181 1410 1228 bello

127 1247 302 1295 classem
345 1247 511 1295 Duillii
547 1246 834 1310 Imperatoris
874 1247 929 1293 ab
967 1250 1129 1295 arbore
1164 1251 1307 1297 excisa
1345 1266 1409 1298 Lx

125 1321 196 1368 die
223 1321 458 1385 navigasse.
481 1322 655 1368 Contra
677 1337 792 1367 vero
821 1321 1069 1368 Hieronem
1090 1339 1240 1386 regem
1264 1338 1408 1371 ccxx

124 1411 266 1442 naves
291 1394 474 1441 ‘effectas
497 1394 655 1441 diebus
692 1407 796 1439 XLV
824 1394 958 1439 tradit
991 1397 1037 1440 L.
1061 1395 1176 1442 Piso.
1198 1397 1408 1445 Secundo

122 1484 306 1532 quoque
324 1468 499 1515 Punico
528 1467 648 1514 bello
663 1466 921 1528 ‚Scipionis
951 1466 1089 1513 claffis
1116 1481 1181 1512 XL
1204 1468 1273 1514 die
1295 1486 1319 1515 a
1339 1469 1404 1516 se-

119 1541 218 1587 curi
248 1541 499 1605 navigavit.
537 1542 733 1587 Tantum
758 1538 1082 1602 tempestivitas
1109 1540 1242 1588 etiam
1267 1543 1314 1589 in
1334 1561 1405 1590 ra-

115 1614 222 1677 pida
245 1613 470 1660 celeritate
492 1613 647 1677 pollet.

181 1688 371 1734 LXXV.
399 1688 516 1734 Cato
545 1685 786 1733 hominum
812 1683 1010 1733 summus
1050 1685 1098 1732 in
1133 1688 1261 1734 omni
1285 1690 1364 1736 usu
1385 1728 1399 1749 ,

114 1760 170 1808 de
202 1762 397 1809 materiis
425 1762 521 1809 haec
543 1759 706 1822 adjicit.
748 1759 926 1806 Prelum
955 1775 979 1805 e
1010 1759 1167 1822 sapino
1195 1774 1285 1809 atra
1310 1780 1398 1827 po-

114 1833 327 1887 tiffimum
347 1833 517 1881 facito:
545 1833 779 1891 Ulmeam,
805 1832 984 1894 pineam
1000 1867 1012 1889 ,
1037 1849 1254 1881 nuceam:
1285 1835 1397 1883 hanc

113 1919 248 1970 atque
271 1908 401 1954 aliam
427 1908 656 1955 materiam
689 1923 875 1953 omnem
905 1923 1011 1952 cum
1032 1907 1216 1954 effodies
1235 1945 1248 1967 ,
1271 1912 1396 1958 Luna

113 1979 393 2028 decrescente
410 1981 600 2028 eximito
620 1980 721 2044 post
740 1980 970 2026 meridiem
989 2016 1003 2036 ,
1024 1979 1114 2026 fine
1135 1995 1278 2029 vento
1298 1987 1392 2031 Au·

113 2054 217 2101 stro.
245 2055 378 2102 Tunc
407 2056 492 2101 erit
514 2054 806 2117 tempestiva,
837 2069 939 2099 cum
975 2051 1122 2099 semen
1143 2052 1268 2100 suum
1297 2074 1386 2104 ma-

111 2140 260 2174 turum
295 2129 390 2176 erit.
428 2130 698 2192 Cavetoque
715 2164 730 2184 ,
760 2143 815 2172 ne
836 2143 916 2188 per
944 2140 1095 2172 rorem
1119 2128 1265 2175 trahas
1281 2166 1296 2186 ,
1316 2147 1391 2176 aut

110 2200 250 2247 doles.
269 2200 477 2264 Idemque
494 2218 630 2247 mox:
653 2199 746 2246 Nifi
772 2198 1066 2256 intermestri,
1088 2200 1302 2264 Lunaque
1325 2203 1390 2248 di—

106 2271 285 2317 midiata
302 2306 316 2329 ‚
337 2288 391 2318 ne
418 2284 567 2336 tangas
593 2270 837 2318 materiem.
867 2272 999 2317 Tunc
1022 2287 1077 2315 ne
1109 2270 1293 2318 effodias
1315 2288 1388 2318 auc

106 2345 322 2407 praecidas
350 2345 425 2391 abs
448 2357 576 2392 terra.
617 2344 792 2392 Diebus
818 2342 983 2406 septem
1015 2343 1259 2405 proximis,
1287 2346 1388 2407 qui-

106 2417 189 2463 bus
220 2419 341 2464 Luna
368 2417 498 2480 plena
520 2416 652 2464 fuerit
673 2453 688 2475 ‚
723 2416 894 2478 optime
927 2416 1150 2462 eximitur.
1179 2418 1385 2464 Omnino

109 2501 271 2538 caveto
305 2490 475 2555 nigram
506 2490 734 2538 materiam
765 2490 890 2537 doles
912 2526 925 2548 ,
958 2506 1075 2535 neve
1109 2490 1281 2551 caeda55
1306 2510 1385 2547 ne-

1039 2564 1055 2608 1
1093 2580 1115 2609 2
