1653 2797
214 156 1426 235 ⁴NATUR H1ST0RAEIRXV‘111.231

152 273 279 334 quod
307 273 546 337 agricolam
564 273 812 319 vendacem
831 269 915 319 effe
939 286 1152 336 oportere
1170 274 1295 321 dixit.
1315 277 1433 320 Fun-

155 345 261 391 dum
290 345 337 391 in
370 344 670 392 adolescentia
705 343 1030 392 conserendum
1063 347 1153 392 sine
1180 347 1431 393 cunc‘latio-

156 435 236 476 ne,
261 418 570 466 aedifieandum
589 434 685 464 non
713 418 794 464 nifi
819 419 996 465 consito
1023 438 1162 483 agro:
1191 434 1299 469 tunc
1319 437 1433 486 quo-

157 508 243 554 que
273 492 561 538 cunctanter:
589 492 900 554 optimumque
935 491 996 538 est
1031 491 1107 556 (ut
1140 494 1284 557 vulgo
1305 495 1432 541 dixe-

155 565 225 622 re)
247 562 390 609 aliena
421 562 591 610 insania
619 562 730 618 frui;
764 562 837 609 sed
864 563 924 608 ita
945 598 959 620 ‚
993 575 1043 609 ut
1067 564 1275 610 villarum
1296 565 1434 612 tutela

155 651 250 680 non
278 634 331 680 fit
360 635 507 682 oneri.
530 639 649 682 Eum
680 647 828 682 tamen
860 635 938 699 qui
972 636 1085 682 bene
1121 636 1293 683 habitet
1311 674 1325 693 ‚
1362 639 1435 684 {ie-

157 708 253 770 pius
274 709 496 755 ventitare
528 709 575 755 in
612 726 798 772 agrum:
832 707 1119 772 frontemque
1143 709 1317 756 domini
1335 709 1436 772 plus

158 781 360 844 prodesse
379 799 513 845 quam
534 782 798 845 occipitium
814 819 828 839 ,
846 800 941 829 non
963 783 1256 829 mentiuntur.

219 858 315 902 VII.
359 873 395 902 1.
426 857 592 903 Modus
629 856 702 903 hic
730 856 972 919 probatur,
1005 869 1055 902 ut
1090 873 1234 919 neque
1270 855 1435 903 fundus

156 928 311 975 villam
340 941 510 992 quaerat
527 965 541 987 ‚
576 946 720 992 neque
745 929 855 977 villa
873 929 1076 976 fimdum.
1116 931 1225 975 Non
1247 941 1296 975 ut
1315 929 1436 976 fece-

155 1013 260 1048 runt
297 1000 422 1062 juxta
455 1002 640 1048 diversis
677 1002 829 1049 eadem
861 1014 987 1049 aetate
1030 1002 1244 1064 exemplis
1277 1005 1324 1050 L.
1347 1005 1436 1050 Lu-

156 1073 298 1121 cullus
312 1110 326 1131 ,
349 1075 398 1122 &
426 1076 487 1135 Q.
506 1075 712 1122 Scaevola
722 1074 745 1133 ',
766 1091 868 1122 cum
890 1074 1002 1121 villa
1024 1075 1244 1122 Scaevolae
1274 1074 1437 1123 fundus

154 1158 355 1204 careret,
386 1146 495 1193 villa
514 1146 691 1194 Luculli
724 1163 844 1210 agro.
875 1148 984 1207 Quo
1003 1147 1050 1192 in
1076 1164 1234 1211 genere
1259 1148 1436 1194 Censo-

154 1220 218 1266 ria
242 1220 465 1284 castigatio
485 1234 599 1280 erat,
618 1222 765 1269 minus
788 1239 910 1269 arare
925 1257 937 1278 ‚
957 1239 1090 1285 quam
1113 1239 1306 1269 verrere.
1337 1222 1379 1268 N
1383 1239 1435 1269 ec

154 1292 245 1339 hoc
279 1293 370 1339 fine
404 1305 497 1340 arte
529 1294 716 1358 quadam
756 1294 831 1341 est.
883 1293 1165 1340 Noviffimus
1200 1292 1355 1338 villam
1387 1293 1435 1338 in

155 1363 391 1411 Misenensi
419 1366 572 1429 posuit
602 1368 654 1414 C.
674 1367 841 1413 Marius
864 1365 1021 1429 septies
1043 1364 1239 1423 Consul,
1259 1364 1332 1411 sed
1351 1382 1433 1427 pe-

153 1435 254 1484 ritia
283 1436 648 1484 castrametandi:
680 1437 740 1484 fic
771 1450 822 1484 ut
857 1449 1143 1500 comparatos
1178 1437 1219 1483 ei
1258 1450 1434 1485 ceteros

154 1508 287 1555 etiam
315 1509 434 1556 Sulla
463 1509 586 1556 Felix
623 1526 768 1557 caecos
793 1509 919 1557 fuisse
950 1510 1131 1556 diceret.

222 1598 262 1628 2.
295 1582 535 1628 Convenit
560 1598 641 1628 nec
675 1581 804 1643 juxta
830 1581 1012 1645 paludes
1038 1581 1296 1643 ponendam
1324 1581 1433 1640 effe,

156 1670 303 1718 neque
333 1653 524 1700 adverso
554 1671 711 1701 amne:
746 1670 999 1717 quanquam
1031 1654 1256 1699 Homerus
1285 1653 1438 1699 omni-

154 1743 216 1773 no
249 1743 272 1773 e
293 1725 477 1773 flumine
512 1726 682 1790 semper
713 1727 1000 1773 antelucanas
1028 1742 1154 1772 auras
1192 1725 1437 1771 insalubres

156 1799 377 1846 verissime
403 1799 597 1846 tradidit.
633 1800 836 1863 Spectare
874 1799 920 1844 in
958 1797 1154 1844 aestuosis
1188 1797 1301 1844 locis
1339 1796 1437 1860 sep-

157 1870 420 1917 temtriones
463 1870 621 1929 debet,
655 1870 886 1916 meridiem
923 1868 969 1914 in
1002 1867 1202 1930 frigidis:
1240 1867 1286 1913 in
1322 1880 1437 1914 tem—

155 1942 315 2005 peratis
350 1954 562 1989 exortum
593 1941 964 2007 aequinofflalem.
1009 1940 1118 2003 Agri
1148 1939 1279 2002 ipsius
1302 1940 1440 1985 boni-

157 2027 254 2073 taS‚
287 2014 453 2077 quibus
486 2014 756 2078 argumentis
789 2012 1027 2076 judicanda
1062 2013 1142 2070 sit,
1180 2029 1439 2076 quanquam

158 2087 212 2133 de
248 2098 375 2134 terrae
410 2088 587 2150 optimo
608 2103 769 2150 genere
797 2086 1050 2134 disserentes
1075 2085 1249 2132 abunde
1284 2085 1439 2131 dixisse

157 2147 385 2221 possumus
420 2159 600 2216 videri,
633 2159 876 2205 etiamnum
904 2172 1052 2205 tamen
1090 2158 1270 2204 traditas
1307 2170 1439 2204 notas

158 2232 532 2296 subsignabimus,
566 2233 756 2280 Catonis
784 2232 978 2292 maxime
1009 2232 1183 2279 verbis:
1212 2231 1404 2280 Ebulum
1424 2267 1438 2288 ,

160 2307 237 2353 vel
267 2323 435 2369 prunus
460 2306 696 2366 silvestris,
724 2307 799 2354 vel
828 2307 962 2354 rubus
980 2343 993 2365 ‚
1021 2306 1184 2353 bulbus
1212 2306 1439 2362 minutus,

161 2378 381 2424 trifolium
400 2414 414 2437 ‚
447 2379 584 2426 herba
607 2379 819 2442 pratensis
838 2416 852 2438 ,
887 2397 1076 2443 quercus
1091 2416 1104 2437 ‚
1136 2378 1343 2425 silvestris
1367 2378 1437 2441 pi-

161 2470 265 2512 rus,
301 2452 556 2518 malusque,
581 2452 857 2502 frumentarii
874 2453 958 2501 soli
994 2466 1132 2523 notoe.
1171 2455 1281 2499 Item
1317 2453 1440 2517 nigra
