1653 2797
162 174 165 176 “
222 176 847 231 ΝΑΤυΗ.Η15ΤΟΗ.
884 185 1013 230 LIB.
1050 183 1240 230 XV11.
1318 198 1406 246 197

126 302 239 338 tura.
271 291 415 352 Quod
446 291 555 338 citra
581 289 674 347 est,
709 290 941 336 materiem
970 291 1133 349 mittit,
1164 290 1410 338 offensante

126 364 287 409 crebro
325 362 507 426 spiritu,
541 364 590 409 &
628 362 733 419 illa,
767 379 903 424 quam
936 363 1160 420 diximus,
1201 363 1410 410 medulla.

128 438 249 496 Quae
281 436 342 482 ita
377 435 607 482 emicuerit
644 435 858 494 materia,
896 434 1088 481 frustum
1124 436 1243 482 dabit
1285 452 1410 482 anno

129 509 352 572 sequente.

191 581 264 627 Sic
295 580 386 626 duo
420 593 584 644 genera
616 576 861 639 palmitum.
898 577 1041 637 Quod
1078 594 1102 623 e
1136 578 1251 624 duro
1287 579 1412 636 exit,

127 652 449 716 materiamque
467 650 513 696 in
534 649 796 712 proximum
823 666 989 695 annum
1014 650 1263 712 promittit,
1283 668 1413 713 pam-
1442 669 1446 674 ¹

122 726 355 790 pinarium
369 736 590 771 vocatur:
611 736 654 770 at
673 725 748 770 ubi
768 725 894 786 supra
914 724 1167 771 cicatricem
1187 724 1270 783 est,
1293 724 1415 771 fruc-

128 800 338 845 tuarium.
372 797 576 844 Alterum
604 813 659 843 ex
685 797 898 843 anniculo
928 797 1133 860 palmite,
1157 797 1416 860 semperque

133 872 440 919 frustuarium.
470 870 758 933 Relinquitur
791 870 868 916 sub
892 869 1000 935 jugo
1034 871 1084 918 &
1116 871 1193 934 qui
1224 882 1416 917 vocatur

125 944 297 991 custos.
336 944 424 990 Hic
454 942 515 989 est
538 943 748 989 novellus
778 943 944 1006 palmes
960 979 973 1001 ‚
1003 958 1099 988 non
1119 943 1312 1007 ‘longior
1333 943 1416 990 tri-

131 1020 213 1066 bus
244 1017 427 1081 gemmis
445 1053 459 1076 ,
480 1017 694 1079 proximo
720 1033 842 1063 anno
875 1016 1104 1064 materiam
1143 1017 1349 1075 daturus,
1384 1018 1419 1064 fi

119 1091 241 1163 .v'itis
272 1090 448 1137 luxuria
483 1089 525 1136 se
552 1088 856 1138 consumserit.
896 1093 951 1136 Et
981 1090 1091 1136 alius
1121 1089 1248 1152 juxta
1286 1108 1418 1150 eum,

133 1181 339 1211 verrucae
364 1162 674 1227 magnitudine
693 1198 707 1220 ,
741 1163 821 1226 qui
853 1161 1121 1210 furunculus
1145 1163 1419 1226 appellatur,

135 1237 169 1283 fi
193 1236 311 1283 forte
345 1237 493 1283 custos
525 1235 658 1282 fallat.

209 1326 278 1368 14.
302 1308 420 1355 Vitis
450 1321 689 1372 antequam
714 1307 949 1371 septimum
985 1325 1152 1355 annum
1186 1324 1211 1354 a
1241 1307 1420 1355 surculo

138 1382 377 1446 compleat,
390 1394 583 1430 evocata
600 1382 655 1427 ad
672 1381 863 1428 frustum
881 1381 1136 1444 ejuncescit‚
1148 1398 1198 1428 ac
1214 1382 1422 1428 moritur.

139 1459 237 1504 Nec
250 1469 450 1504 veterem
469 1456 613 1519 placet
629 1455 858 1518 palmitem
872 1456 918 1501 in
933 1456 1140 1518 longum,
1158 1457 1207 1502 δε
1225 1454 1279 1500 ad
1296 1472 1421 1518 quar-

138 1541 237 1575 tum
254 1527 394 1591 usque
413 1529 729 1591 pedamentum
748 1527 914 1586 emitti,
936 1529 1066 1590 quod
1086 1528 1160 1573 alii
1180 1528 1425 1584 dracones,

128 1604 217 1650 alii
241 1603 468 1665 juniculos
492 1617 665 1649 vocant
683 1638 697 1660 ,
716 1613 766 1647 ut
788 1600 952 1648 faciant
968 1618 1067 1665 quae
1086 1601 1325 1648 masculeta
1342 1619 1425 1664 ap—

141 1675 322 1739 pellant.
367 1677 485 1722 Cum
519 1674 721 1721 induruit
756 1674 864 1721 vitis
885 1711 898 1732 ‚
938 1674 1168 1737 peffimum
1204 1674 1251 1719 in
1289 1673 1425 1721 vinea

141 1750 385 1795 traducere.
416 1747 597 1808 Quinto
618 1763 738 1792 anno
767 1748 817 1793 δε
837 1745 916 1808 ipsi
933 1746 1137 1807 palmites
1159 1745 1428 1807 intorquen-

143 1834 216 1867 tur
234 1857 247 1878 ,
286 1821 556 1884 singulaeque
587 1836 611 1866 e
642 1818 821 1882 singulis
847 1818 1042 1864 materiae
1066 1816 1358 1875 emittuntur,
1377 1834 1429 1863 ac

146 1893 306 1940 deinde
330 1911 354 1940 e
379 1894 619 1956 proximis:
645 1891 906 1956 prioresque
923 1902 1219 1955 amputantur.
1246 1892 1430 1953 Semper

154 1965 386 2012 custodem
432 1966 623 2030 relinqui
664 1964 847 2011 melius:
884 1963 957 2009 sed
996 1963 1032 2009 is
1066 1964 1300 2025 proximus
1342 1963 1431 2010 viti

135 2038 235 2084 *effe
270 2038 428 2097 debet,
467 2055 550 2085 nec
585 2038 768 2101 longior
802 2054 935 2101 quam
971 2035 1136 2081 dictum
1171 2035 1256 2082 est:
1290 2038 1367 2095 &,
1397 2035 1431 2081 fi

152 2111 480 2158 luxuriaverint
508 2111 709 2174 palmites
724 2147 737 2169 ,
758 2110 1026 2173 intorqueri:
1049 2121 1100 2155 ut
1119 2121 1313 2173 quatuor
1333 2126 1429 2155 ma-

152 2183 282 2230 terias
299 2219 312 2241 ,
340 2184 418 2230 vel
450 2185 581 2242 duas,
605 2183 636 2230 fi
663 2182 849 2247 uniiuga
879 2182 962 2229 erit
988 2182 1122 2230 vinea
1138 2218 1152 2240 ‚
1182 2183 1369 2229 emittat.

224 2271 292 2320 15.
323 2257 366 2302 Si
400 2273 477 2320 per
510 2257 552 2304 se
582 2257 689 2304 vitis
708 2256 986 2303 ordinabitur
1012 2255 1102 2301 fine
1132 2255 1431 2318 pedamento,

154 2328 466 2392 qualecunque
493 2329 624 2375 initio
657 2327 977 2376 adminiculum
1009 2325 1297 2381 desiderabit,
1327 2325 1433 2371 dum

156 2400 264 2446 stare
301 2399 527 2446 condiscat
553 2403 601 2448 ὅ(
630 2402 746 2448 rebla
775 2400 963 2464 surgere.
992 2401 1153 2446 Cetera
1184 2415 1206 2443 a
1233 2398 1429 2460 primor-

155 2473 234 2520 dio
260 2473 423 2521 eadem.
454 2473 618 2529 Dividi
641 2486 793 2525 autem
816 2473 1049 2537 putatione
1066 2470 1257 2535 pollices
1280 2487 1431 2536 aequa-

1114 2547 1205 2608 Ns
