1653 2797
370 131 1346 181 NATUR.HISTOR.L1B.XV.
1460 151 1512 196 71

233 242 443 307 Namque
476 241 524 287 in
553 239 623 286 his
651 240 700 286 ὅ(
719 239 917 287 austerus
934 276 949 300 ,
981 241 1031 290 &
1056 251 1237 299 acutus,
1271 241 1322 289 &
1346 241 1515 301 dulcis,

229 320 281 366 &
312 317 492 364 suavis:
528 330 686 363 omnes
722 314 871 361 alieni.
915 316 1118 363 Alterum
1159 315 1222 362 est
1257 331 1394 379 genus
1416 352 1429 373 ,
1469 316 1515 362 in

232 407 327 456 quo
345 390 459 437 fit&
472 386 644 434 alienus
656 386 839 450 quidem
853 421 868 444 ,
882 384 955 433 sed
974 389 1024 436 δε
1042 388 1139 435 suus
1161 387 1343 452 quidam
1364 405 1415 434 ac
1439 405 1519 450 pe—

231 461 436 519 culiaris,
467 471 516 506 ut
548 458 595 506 in
627 458 748 507 lacie.
774 457 1006 523 Siquidem
1040 459 1152 506 inest
1184 461 1261 519 ei,
1295 463 1420 524 quod
1444 472 1513 507 ta—

227 552 331 582 men
351 534 446 597 jure
467 532 556 580 dici
587 532 716 579 dulce
730 567 746 589 ‚
768 532 817 579 &
840 530 1032 594 pingue,
1059 533 1110 578 &
1131 530 1266 579 suave
1295 549 1392 579 non
1412 531 1521 595 pos-

229 609 323 669 set,
355 608 593 655 obtinente
621 606 828 665 lenitate,
853 622 956 669 quae
976 605 1065 668 ipsa
1087 605 1282 654 succedit
1314 608 1362 653 in
1392 607 1526 671 sapo-

227 683 286 729 ris
307 682 472 730 vicem.
509 678 672 726 Nullus
699 678 774 726 hic
798 678 948 742 aquis,
967 695 1024 725 ne
1056 677 1212 726 succus
1237 680 1448 743 quidem,
1476 693 1527 728 ut

228 768 376 802 tamen
407 770 463 801 eo
492 752 589 816 ipso
620 750 698 799 fiat
728 751 889 816 aliquis
909 788 923 811 ,
959 769 1011 800 ac
1046 753 1169 799 suum
1199 771 1342 818 genus
1373 754 1523 802 faciat.

229 827 393 878 Sentiri
426 827 609 892 quidem
653 842 779 890 aquae
812 824 1014 889 saporem
1051 826 1195 874 ullum
1233 826 1519 893 succumve,

231 902 400 951 vitium
441 899 518 947 est.
551 901 771 963 Magnum
796 898 864 946 his
909 899 1122 946 omnibus
1154 899 1202 946 in
1235 899 1380 948 odore
1417 918 1522 947 mo-

230 985 458 1030 mentum,
496 974 546 1019 &
570 988 727 1035 magna
760 971 980 1034 cognatio
1000 1007 1015 1030 ,
1053 971 1133 1035 qui
1162 970 1252 1034 ipse
1287 972 1435 1020 nullus
1464 973 1528 1019 est

232 1045 381 1109 aquis:
410 1054 485 1091 aut
509 1043 541 1090 fi
567 1043 782 1102 sentitur,
807 1043 1001 1090 omnino
1032 1044 1199 1091 vitium
1224 1045 1300 1092 est.
1326 1046 1526 1103 Mirum,

231 1121 318 1168 tria
346 1132 518 1167 naturae
539 1119 770 1182 praecipua
795 1118 1011 1165 elementa
1036 1119 1127 1166 fine
1158 1118 1316 1182 sapore
1337 1120 1452 1180 effe,
1469 1121 1526 1168 si-

233 1212 289 1242 ne
309 1194 454 1241 odore
471 1228 485 1250 ,
505 1193 596 1240 fine
622 1192 784 1240 succo:
808 1209 943 1255 aquas
958 1228 971 1251 ‚
1001 1210 1133 1251 aera,
1159 1193 1297 1256 ignes.

314 1269 526 1315 XXXIII.
564 1269 686 1330 Ergo
716 1265 953 1313 succorum
988 1265 1139 1313 vinosi
1180 1268 1315 1330 piro,
1354 1285 1489 1316 moro
1511 1306 1528 1328 ‚

232 1353 413 1406 myrto:
436 1339 621 1387 minime
646 1339 796 1404 (quod
817 1338 1061 1404 miremur)
1084 1339 1206 1387 uvis.
1232 1343 1292 1388 At
1314 1343 1528 1406 pingueS,

231 1413 373 1461 olivae
393 1449 407 1472 ,
434 1413 563 1460 lauro
583 1449 598 1471 ,
637 1411 745 1459 nuci
776 1411 1010 1476 iuglandi,
1043 1413 1331 1477 amygdalis:-
1370 1415 1528 1464 dulces

231 1486 363 1544 uviS,
392 1485 518 1544 ficis,
550 1485 740 1550 palmis:
770 1484 962 1549 aquosus
991 1486 1161 1548 prunis.
1195 1489 1364 1551 Magna
1394 1487 1526 1534 diffe-

232 1560 378 1608 rentia
397 1561 447 1608 &
477 1559 524 1605 in
548 1558 706 1607 colore
738 1557 876 1606 succi,
901 1560 1177 1622 Sanguineus
1201 1559 1367 1619 moris,
1395 1576 1525 1607 cera-

232 1634 316 1693 sis,
338 1632 516 1691 cornis,
543 1632 648 1679 uvis
677 1632 829 1696 nigris.
856 1632 1114 1684 Idemalbis
1145 1632 1376 1681 candidus.
1410 1635 1526 1681 Lac-

230 1720 327 1754 teus
346 1706 394 1753 in
412 1705 554 1769 capite
578 1703 673 1753 ficis
690 1741 706 1764 ,
733 1705 780 1752 in
802 1721 998 1768 corpore
1022 1722 1118 1752 non
1149 1706 1254 1753 item
1274 1724 1287 1753 ε
1315 1705 1525 1769 spumeus

231 1779 381 1826 malis:
408 1778 556 1825 nullus
573 1777 779 1837 Perficis,
799 1795 902 1825 cum
921 1777 1164 1841 praesertim
1192 1779 1406 1826 duracina
1423 1778 1524 1825 suc-

235 1869 291 1898 co
317 1851 572 1899 abundent:
607 1851 680 1898 sed
698 1851 797 1914 quis
818 1850 910 1913 ejus
936 1851 1077 1898 ullum
1098 1851 1263 1898 dixerit
1283 1852 1521 1900 colorem?

237 1926 322 1971 Sua
352 1925 403 1972 &
435 1924 482 1970 in
517 1924 662 1971 odore
694 1924 921 1972 miracula.
952 1925 1085 1972 Malis
1123 1938 1312 1984 acutus,
1342 1925 1525 1972 Persicis

234 1997 434 2055 dilutus,
468 1997 674 2045 dulcibus
703 1997 865 2044 nullus.
907 1999 1027 2045 Nam
1049 1999 1100 2047 &
1122 1998 1281 2047 vinum
1311 1999 1399 2046 tale
1434 1998 1524 2044 sine

235 2072 408 2120 odore:
434 2085 569 2119 tenue
590 2072 822 2119 odoratius
842 2091 853 2120 ι
882 2073 1116 2138 multoque
1136 2073 1324 2121 celerius
1348 2072 1451 2119 talia
1468 2071 1523 2118 ad

236 2145 361 2193 usum
391 2146 583 2195 veniunt
600 2181 616 2204 ,
639 2162 773 2209 quam
795 2144 994 2210 pinguia.
1041 2147 1158 2207 Quae
1183 2146 1373 2192 odorata
1390 2181 1401 2201 ‚
1427 2161 1522 2191 non

237 2220 389 2266 eadem
413 2220 460 2266 in
489 2219 616 2284 gustu
635 2230 816 2266 tenera:
845 2220 953 2282 quia
982 2236 1077 2266 non
1100 2220 1198 2266 sunt
1217 2220 1381 2282 pariter
1405 2218 1522 2264 odor

237 2293 288 2339 &
323 2291 464 2354 sapor.
487 2291 797 2353 Quamobrem
837 2292 987 2339 citreis
1014 2293 1133 2339 odor
1163 2292 1403 2338 acerrimus
1420 2326 1434 2348 ,
1459 2289 1522 2336 sa-

237 2379 324 2424 por
352 2360 639 2423 asperrimus:
662 2363 982 2426 quadamtenus
1009 2365 1058 2410 &
1086 2363 1322 2411 cotoneis:
1351 2361 1519 2409 nullus-

235 2450 322 2497 que
353 2434 472 2481 odor
495 2431 606 2483 ficis.

1162 2510 1261 2560 Fa,
