1653 2797
248 128 303 188 56
447 100 453 183 J
504 126 558 172 e.
609 125 874 175 PLINH
917 87 1297 177 SECUNDI

243 235 345 299 quis
377 234 423 280 id
449 233 618 279 ambitu
641 231 825 279 valuiffe
854 231 1061 280 claritatis
1088 235 1138 283 &
1163 235 1342 284 familiae
1370 250 1494 301 putet
1510 274 1524 297 ‚

240 308 344 358 sunt
372 310 420 355 ὅ(
448 307 681 369 Sceptiana
713 307 767 353 ab
799 306 1043 354 inventore
1072 308 1312 369 liberunt),
1341 311 1527 375 insignia
1583 306 1586 307 ⁷

238 379 533 431 rotunditate.
578 380 694 425 Cato
724 377 875 441 adjicit
905 381 1156 441 Quiriana,
1190 385 1240 431 ὅ(
1267 402 1370 448 quae
1394 385 1527 431 tradit

242 452 291 497 in
327 449 461 496 doliis
500 450 671 508 condi,
707 451 954 498 Scantiana.
1003 454 1221 501 Omnium
1258 468 1403 502 autem
1442 471 1528 503 nu—

241 523 436 588 perrime
469 523 680 601 adoptata
716 522 815 569 sunt
858 541 1027 586 parva,
1060 527 1286 590 gratiffimi
1325 529 1529 593 saporis,

241 612 342 659 quae
366 594 522 641 Petifia
544 594 852 641 nominantur.
883 589 1049 643 Patrias
1075 598 1376 647 nobilitavere
1393 602 1531 648 Ame-

240 669 364 726 rina,
391 671 440 716 &
459 667 681 715 Graecula.
713 669 872 715 Cetera
897 686 920 717 e
949 670 1086 717 caufis
1126 684 1302 721 traxere
1330 691 1527 721 nomen:

240 740 544 805 germanitatis
558 776 572 797 ,
591 741 860 787 cohaerentia
881 742 929 788 &
949 744 1136 805 gemella
1151 780 1166 801 ‚
1190 763 1420 810 nunquam
1444 747 1528 794 fin-

242 813 347 878 gula
367 814 412 859 in
436 812 578 859 foetu:
599 813 788 869 coloris,
806 811 978 876 syrica:
999 816 1311 879 cognationis,
1328 819 1528 882 melapia.

242 888 444 945 Mustea,
479 904 503 932 a
537 885 759 933 celeritate
789 885 1076 933 mitescendi:
1113 904 1213 951 quae
1246 907 1369 938 nunc
1397 892 1529 950 meh-

242 960 359 1006 mela
395 958 636 1018 dicuntur,
670 975 694 1004 a
717 956 871 1020 sapore
902 958 1081 1005 melleo.
1105 960 1394 1020 Orbiculata,
1429 980 1452 1009 3
1472 962 1528 1009 fi-

243 1049 352 1097 gura
380 1031 503 1078 orbis
521 1030 568 1076 in
588 1029 912 1077 rotunditatem
934 1030 1206 1080 circumacti.
1224 1034 1333 1081 Haec
1359 1035 1405 1081 in.
1420 1037 1531 1098 Epi7

243 1121 301 1150 ro
324 1104 518 1167 primum
540 1103 796 1166 proveniffe
812 1139 825 1161 ,
845 1117 1109 1168 argumento
1132 1103 1232 1150 sunt
1251 1106 1435 1164 Graeci,
1453 1107 1529 1170 qui

244 1175 478 1237 Epirotica
509 1186 696 1222 vocant.
727 1177 1023 1221 Mammarum
1049 1175 1193 1238 effigie
1222 1176 1528 1226 orthomastia.

244 1250 286 1301 A
320 1249 585 1296 conditione
621 1249 794 1295 castrati
831 1247 1032 1305 seminis,
1067 1265 1166 1311 quae
1206 1247 1416 1313 spadonia
1448 1268 1529 1314 ap·-

244 1321 413 1383 pellant
434 1320 594 1385 Belgae,
627 1320 881 1368 Melofoliis
906 1319 1067 1367 folium
1091 1338 1230 1367 unum
1247 1358 1260 1377 ,
1285 1322 1529 1386 aliquando

245 1397 297 1443 &
327 1395 553 1457 geminum
587 1394 782 1457 erumpit
809 1411 833 1440 e
862 1393 997 1440 latere
1027 1392 1193 1439 medio.
1215 1394 1462 1442 Celerrime
1482 1397 1529 1444 in

246 1487 376 1534 rugas
393 1470 672 1517 marcescunt
696 1486 939 1532 pannucea.
957 1468 1128 1514 Stolide
1152 1480 1327 1516 tument
1345 1471 1530 1533 pulmo-

248 1562 345 1592 nea.
383 1545 456 1592 Est
487 1544 750 1610 quibusdam
771 1543 1036 1607 sanguineus
1072 1542 1234 1602 color,
1271 1544 1446 1607 origine
1475 1562 1531 1592 ex

249 1620 370 1671 mori
398 1619 529 1666 infitu
563 1620 713 1666 trac'ta.
749 1616 936 1664 Cunctis
968 1633 1083 1663 vero
1105 1653 1118 1673 ,
1154 1634 1253 1680 quae
1293 1616 1474 1665 fuerunt
1506 1636 1532 1669 a

248 1693 382 1752 Sole,
408 1706 554 1756 partes
578 1693 756 1739 rubent.
792 1692 904 1738 Sunt
931 1692 981 1738 &
1014 1707 1153 1752 parva
1189 1690 1327 1753 gratia
1363 1691 1530 1753 saporis

249 1781 384 1833 atque
416 1767 548 1814 etiam
575 1767 776 1815 acutiora
800 1766 944 1813 odore
960 1802 975 1822 ,
1008 1763 1237 1811 silvestria.
1273 1765 1321 1812 Id
1337 1766 1532 1830 peculia-

249 1859 298 1890 re
331 1841 630 1904 improbitatis
666 1842 715 1887 &
744 1839 997 1887 acerbitatis
1037 1839 1338 1898 convicium,
1375 1842 1425 1887 &
1459 1841 1530 1891 vis

251 1926 400 1973 tanta,
433 1927 484 1962 ut
520 1915 659 1962 aciem
693 1914 828 1978 gladii
861 1911 1139 1975 perstringat.
1186 1913 1280 1959 Dat
1309 1913 1359 1959 &
1391 1912 1530 1962 farina

250 1988 469 2034 vilissimis
498 2004 666 2034 nomen
687 2023 700 2045 ,
734 2003 991 2049 quanquam
1014 1985 1168 2048 primis
1198 1985 1397 2033 adventu
1413 2022 1428 2044 ,
1451 1987 1530 2032 de·-

251 2062 463 2124 cerpique
488 2060 853 2123 properantibus.

342 2135 467 2183 XVI.
511 2135 675 2180 Eadem
711 2134 840 2181 causa
878 2134 923 2180 in
962 2133 1069 2195 piris
1105 2142 1279 2178 taxatur
1315 2130 1530 2193 superbiae

252 2207 541 2270 cognomine.
567 2208 710 2253 Parva
729 2207 855 2264 haec,
884 2206 957 2252 sed
988 2205 1198 2251 ociffima.
1231 2204 1415 2250 Ciu-,etis
1447 2221 1529 2250 au-

252 2293 341 2327 tem
370 2277 624 2325 Crustumia
660 2277 908 2340 gratissima.
945 2275 1157 2321 Proxima
1189 2275 1241 2322 iis
1269 2275 1474 2332 Falerna,
1503 2292 1528 2322 a

253 2364 396 2414 potu,
417 2351 633 2415 quoniam
657 2361 774 2396 tanta
801 2350 869 2396 vis
899 2348 1017 2395 succi
1045 2348 1264 2396 abundat:
1293 2347 1418 2408 (lacte
1438 2346 1527 2392 hoc

252 2422 486 2486 vocatur)
527 2422 572 2469 in
610 2421 749 2485 iisque
793 2421 877 2468 alia
919 2420 1075 2467 colore
1118 2420 1251 2484 nigro
1301 2420 1528 2466 donantur
