1653 2797
207 143 488 196 NATUR.
525 140 833 193 HISTOR.
870 140 1001 192 ΗΒ.
1053 139 1210 192 XIV.
1291 154 1347 209 35

79 257 252 306 cinnari
271 257 386 322 (hoc
406 255 524 302 enim
543 254 686 300 Utitur
703 252 872 316 verbo)
893 252 1053 301 cineris
1074 253 1225 302 lixivii
1248 263 1354 301 cum

78 331 261 379 defruto
283 329 398 378 coffi
417 341 540 391 parte
573 325 927 390 quadragesima,
963 325 1008 371 in
1035 328 1216 374 culeum
1235 346 1246 374 :
1279 327 1359 375 vel

80 405 178 452 salis
195 401 449 465 sesquilibra
465 418 479 457 3
506 399 686 447 interim
705 400 755 446 δε
774 397 874 449 tuso
893 414 1130 446 marmore.
1165 399 1288 446 Facit
1309 401 1360 448 δε

81 476 302 541 sulphuris
339 475 616 522 mentionem
636 509 650 532 ‚
687 472 842 519 refinae
867 481 982 519 vero
1007 472 1055 518 in
1091 473 1362 522 noviffimisi

80 554 222 614 Super
241 550 395 597 omnia
412 549 514 596 addi
530 545 851 596 ‘maturescente
871 546 960 608 jam
980 547 1094 594 vino
1113 546 1238 610 jubet
1255 566 1361 595 mu:-

81 624 220 683 ssum,
241 625 367 688 quod
384 623 457 668 ille
477 621 704 668 tortivum
725 619 918 682 appellat
932 654 945 677 ‚
966 636 1052 666 nos
1071 619 1361 682 intelligimus

83 696 321 745 noviffime
357 694 623 757 expressum.
668 694 725 738 Et
761 690 995 753 adjicimus
1033 691 1237 755 tingendi
1265 710 1365 756 gra-

82 771 143 818 tia
165 769 343 817 colores
361 804 375 826 ‚
404 783 456 814 ut
478 767 754 831 pigmentum
774 763 960 827 aliquod
981 764 1107 823 vini,
1138 777 1271 829 atque
1303 767 1367 813 ita

84 842 295 907 pinguius
322 840 433 887 fieri.
468 842 564 887 Tot
596 837 828 885 veneficiis
862 837 1034 899 placere
1074 838 1277 902 cogitur:
1315 841 1366 886 δέ

84 917 302 971 miramur
319 914 513 961 noxium
532 914 629 959 effe.
650 915 698 958 In
719 912 886 957 vitium
908 910 1162 958 inclinantis
1181 913 1363 975 experi-

85 1003 286 1038 mentum
308 988 370 1034 est
389 1023 403 1045 ‚
426 986 603 1033 laminae
621 984 844 1048 plumbeae
864 995 1057 1031 minatus
1076 985 1122 1031 in
1142 1002 1197 1032 eo
1221 986 1366 1034 coloss

153 1063 330 1110 XXVI.
366 1058 609 1122 Proprium
643 1069 790 1104 autem
827 1057 942 1104 inter
977 1058 1178 1122 liquores
1215 1053 1330 1106 vino
1352 1096 1366 1118 ‚

86 1135 339 1184 mucescere
357 1169 372 1193 ‚
392 1146 465 1180 aut
486 1133 532 1178 in
552 1144 728 1179 acetum
746 1132 863 1178 verti
883 1151 892 1178 ε
927 1132 1191 1197 exstantque
1223 1135 1365 1181 medi-

87 1210 202 1257 cinae
220 1209 470 1255 volumina.
490 1209 545 1270 Et
563 1205 650 1251 faex
672 1206 771 1251 vini
791 1206 948 1252 siccata
967 1206 1127 1269 recipit
1145 1208 1266 1271 ignes
1282 1245 1294 1267 ,
1316 1220 1367 1256 ac

88 1283 180 1329 sine
204 1280 417 1326 alimento
445 1294 523 1340 per
545 1276 585 1322 se
605 1276 773 1339 flagrat.
811 1277 936 1324 Cinis
970 1277 1064 1339 ejus
1095 1279 1201 1326 nitri
1232 1293 1365 1326 natu-

88 1371 185 1400 ram
202 1352 360 1408 habet,
376 1349 638 1412 easdemque
660 1348 796 1408 vires,
821 1350 909 1398 hoc
930 1351 1138 1414 amplius,
1157 1353 1366 1416 quopin⁴

91 1427 225 1491 guior
245 1423 446 1471 sentitur.
1014 1491 1019 1494 ν

154 1498 346 1545 XXVII.
387 1497 547 1558 Magna
578 1494 628 1541 &
650 1495 840 1543 colleRO
866 1494 954 1557 jam
975 1497 1090 1544 vino
1119 1498 1366 1546 differentia

87 1572 136 1619 in
159 1571 282 1619 cella.
310 1570 442 1617 Circa
460 1569 594 1632 Alpes
626 1569 780 1632 ligneis
814 1570 927 1616 vafis
961 1571 1166 1618 condunt
1184 1609 1198 1630 ,
1220 1573 1369 1620 circu-

89 1644 228 1709 lisque
257 1644 477 1707 cingunt,
509 1653 641 1706 atque
676 1642 807 1688 etiam
838 1642 982 1689 hieme
1013 1644 1155 1707 gelida
1189 1645 1368 1708 ignibus

90 1718 286 1782 rigorem
303 1729 467 1762 arcent.
485 1716 655 1762 Mirum
673 1715 793 1762 dieru
809 1751 822 1773 ‚
841 1715 913 1784 sed
932 1715 1171 1780 aliquando
1195 1718 1338 1765 visum
1356 1737 1368 1765 :

91 1791 236 1854 ruptis
256 1790 370 1837 vasis
391 1789 546 1836 stetere
567 1789 767 1854 glaciatae
784 1791 927 1836 moles
944 1818 957 1848 5
978 1791 1174 1855 prodigii
1195 1793 1336 1839 modo
1353 1830 1367 1851 ‚

92 1863 309 1925 quoniam
329 1863 429 1911 vini
457 1875 613 1910 natura
634 1880 730 1909 non
759 1862 964 1927 gelascit,
1003 1863 1105 1911 alias
1139 1865 1194 1911 ad
1229 1864 1368 1929 frigus

94 1933 272 1996 stupens
292 1946 479 1981 tantum.
503 1934 708 1981 Mitiores
729 1936 869 1998 plagae
888 1929 1021 1981 doliis
1043 1935 1276 1993 condunt,
1297 1937 1368 1983 in-

95 2003 369 2067 fodiuntque
406 2015 534 2051 terrae
571 2018 666 2052 tota
686 2042 700 2065 ‚
739 2020 814 2053 aut
847 2007 902 2053 ad
942 2007 1205 2070 portionem
1247 2008 1366 2056 situs.

96 2078 207 2123 Item
229 2077 386 2124 caelum
408 2078 634 2140 praebent:
655 2077 761 2124 alibi
781 2094 895 2126 vero
916 2078 1132 2141 impositis
1153 2080 1276 2127 teclis
1297 2098 1368 2127 ar-

97 2160 230 2196 cent:
267 2149 588 2214 tradunturque
608 2152 657 2198 &
677 2150 774 2197 haec
803 2163 1052 2214 praecepta:
1087 2153 1218 2200 Latus
1247 2153 1370 2199 cellae

99 2221 288 2268 vinariae
305 2257 319 2280 ‚
340 2234 416 2269 aut
436 2236 553 2271 certe
587 2223 796 2271 fenestras
824 2225 1005 2271 obverti
1025 2224 1072 2272 in
1094 2225 1370 2288 Aquilonem

100 2307 339 2358 oportere,
369 2296 445 2343 vel
476 2297 632 2360 utique
666 2297 713 2342 in
750 2308 961 2343 exortum
1001 2297 1370 2361 aequinoctialem.

99 2368 384 2433 Sterquilinia
403 2370 452 2417 δε
470 2370 681 2416 arborum
702 2371 870 2416 radices
889 2370 1051 2433 procul
1068 2369 1209 2416 abesse
1228 2406 1241 2428 ‚
1268 2387 1372 2417 om—

102 2441 261 2506 niaque
289 2441 444 2490 odori>
462 2443 688 2501 evitandi,
718 2442 934 2492 facillimo
955 2444 1001 2489 in
1022 2443 1132 2490 v'ma
1159 2444 1372 2495 transitus

1003 2516 1044 2563 C
1063 2503 1102 2562 =2.
