1653 2797
673 17 683 38 1

183 127 282 174 <242
455 112 513 157 c,
556 107 808 156 PL1N11
855 107 1227 155 ssscuNm

189 223 337 271 sanam
362 217 642 275 conficiunt,
674 232 810 280 quam
841 213 1004 278 reliqui
1029 215 1241 262 mortales
1273 232 1330 263 ex
1355 215 1468 263 hor-

189 298 293 343 deo,
329 295 502 357 Oryzae
536 290 648 337 folia
679 288 865 338 carnosa
883 324 897 348 ,
928 305 1072 352 porro
1093 287 1276 351 similia,
1300 288 1372 336 sed
1398 290 1464 337 la-

189 369 341 416 tiora:
379 364 571 411 altitudo
615 362 820 410 cubitalis
840 398 857 420 ,
892 359 979 408 flos
1022 377 1303 424 purpureus,
1340 361 1466 409 radix

185 455 402 505 gemmeae
425 435 728 484 rotunditatis.

254 513 378 559 XIV.
397 508 762 572 Antiquissimum
781 507 829 553 in
844 505 955 553 cibis
969 506 1211 565 hordeum,
1226 506 1337 554 ficut
1346 506 1472 554 Athe-

189 583 412 633 niensium
439 581 529 629 ritu
553 581 807 628 Menandro
837 579 1017 625 auclore
1044 590 1254 643 apparet,
1290 581 1341 627 &
1374 579 1472 644 gla-

189 660 420 706 diatorum
454 655 759 720 cognomine,
793 653 875 717 qui
910 652 1141 700 hordearii
1175 655 1498 714 vocabantur.-

189 732 429 779 POlentam
458 744 646 793 quoque
680 727 831 773 Graeci
870 741 966 771 non
1000 725 1182 773 aliunde
1212 726 1473 789 praeferunt.

189 803 399 852 Pluribus
426 800 477 847 fit
493 801 587 846 haec
619 798 782 845 modiS.
805 796 960 849 Graeci
987 795 1218 859 perfusum
1234 814 1347 861 aqua
1361 799 1474 845 hor-

190 878 329 924 deum
368 875 534 920 {iccant
566 871 697 916 nocie
727 886 846 927 una,
880 886 931 915 ac
962 868 1145 932 postero
1176 869 1248 915 die
1277 870 1477 934 frigunt,

193 949 357 997 deinde
384 945 517 991 molis
548 942 773 1006 frangunt.
805 942 919 988 Sunt
945 941 1025 1006 qui
1059 941 1372 992 vehementius
1398 954 1478 989 to-

190 1022 311 1070 ftum
325 1020 472 1067 rursus
491 1018 650 1081 exigua
671 1033 788 1079 aqua
808 1015 1064 1078 aspergant,
1085 1015 1136 1061 &
1152 1014 1319 1062 ficcent
1335 1016 1479 1079 prius,

190 1111 331 1158 quam
357 1092 546 1139 molant.
581 1089 671 1136 Alii
691 1105 804 1135 vero
822 1087 1076 1135 virentibus
1101 1087 1231 1150 spicis
1250 1089 1479 1136 decussum

191 1166 417 1215 hordeum
444 1179 599 1210 recens
616 1173 836 1225 purgant,
861 1160 1176 1224 madidumque
1196 1160 1244 1206 in
1266 1161 1356 1225 pila
1375 1174 1480 1208 tun-

191 1240 342 1296 dunt,
369 1249 503 1300 atque
538 1235 587 1281 in
616 1234 828 1282 corbibus
853 1233 1041 1292 eluunt,
1067 1250 1119 1279 ac
1147 1232 1358 1281 ficcatum
1374 1235 1480 1282 Sole

192 1311 344 1361 rursus
372 1309 593 1368 tundunt,
619 1311 668 1356 &
695 1319 934 1372 purgatum
961 1306 1154 1354 molunt,
1188 1309 1482 1373 Quocunque

196 1395 349 1432 autem
389 1398 549 1445 genere
584 1393 870 1444 praeparat0‚
912 1380 1088 1428 vicenis
1124 1380 1285 1428 hordei
1323 1381 1482 1441 libris,

197 1470 348 1506 ternas
376 1455 551 1501 seminis
572 1454 679 1513 lini,
714 1456 764 1501 &
794 1453 1023 1500 coriandri
1045 1452 1274 1513 selibram,
1299 1453 1490 1519 salisque

199 1528 467 1586 acetabulo,
495 1539 718 1573 torrentes
745 1539 847 1574 ante
872 1528 1026 1575 omnia
1050 1527 1239 1575 miscent
1271 1529 1319 1575 in
1348 1530 1486 1577 mola.

198 1604 301 1664 Qui
331 1603 497 1649 diutius
533 1602 699 1648 volunt
730 1604 934 1660 servare,
970 1619 1074 1649 cum
1107 1604 1280 1665 polline
1311 1621 1362 1651 ac
1388 1604 1487 1650 fur-

201 1675 376 1724 furibus
398 1673 481 1721 suis
511 1675 716 1720 condunt
735 1673 872 1720 novis
892 1672 1113 1720 fiffilibus.
1135 1673 1259 1720 Italia
1278 1675 1369 1721 fine
1387 1692 1487 1738 per-

204 1748 384 1796 fusione
414 1747 580 1794 tostum
611 1747 657 1792 in
682 1747 889 1794 subtilem
923 1740 1112 1793 farinam
1143 1747 1303 1806 molit,
1335 1748 1486 1795 iisdem

202 1819 396 1878 additis,
426 1831 556 1882 atque
579 1819 710 1865 etiam
742 1819 886 1868 milio.
920 1821 1084 1867 Panem
1114 1837 1171 1867 ex
1202 1821 1378 1867 hordeo
1405 1838 1488 1866 an-

206 1892 344 1956 tiquis
388 1890 596 1937 ufitatum
632 1890 726 1939 vita
767 1891 1026 1950 damnavit,
1060 1892 1494 1956 quadrupedumque-

208 1964 303 2014 fere
328 1963 453 2011 cibus
487 1964 563 2012 est.
914 1974 915 1978 ’

275 2039 379 2083 XV.
405 2036 588 2083 Ptisanae
607 2036 710 2082 inde
728 2036 828 2084 usus
849 2037 1139 2085 validiffimus
1163 2036 1494 2085 saluberrimus-

213 2125 305 2174 que
335 2121 569 2171 tantopere
604 2109 835 2171 probatur.
866 2111 1019 2155 Unum
1055 2108 1255 2155 laudibus
1289 2109 1383 2171 ejus
1403 2126 1496 2156 vo-

214 2183 369 2237 lumen
399 2181 572 2227 dicavit
601 2181 902 2244 Hippocrates
934 2198 958 2227 e
988 2181 1228 2227 clariffimis
1258 2182 1498 2234 medicina:

217 2254 412 2302 scientia.
465 2253 650 2299 Ptisanae
693 2254 872 2300 bonitas
913 2254 1139 2316 praecipua
1178 2254 1393 2301 Uticenfi.
1442 2256 1491 2300 In

219 2328 424 2390 AEgypto
458 2342 572 2373 vero
614 2324 706 2383 est,
735 2342 837 2388 quae
864 2324 914 2371 fit
948 2342 1002 2377 ex
1042 2326 1245 2384 horde0‚
1278 2327 1350 2373 cui
1394 2325 1494 2372 sunt

217 2399 312 2447 bini
345 2399 512 2465 anguli.
544 2401 593 2445 In
629 2400 794 2447 Baetica
826 2403 876 2448 &
916 2399 1066 2448 Africa
1108 2416 1277 2463 genus,
1311 2416 1368 2447 ex
1396 2415 1493 2461 quo
