1653 2797
1289 141 1375 188 223

242 276 322 350 C.
376 273 717 343 PLINII
768 271 1258 363 stcUNDI

103 460 716 545 NATURALIS
772 461 1385 536 HISTORIAE

425 658 728 706 LIBER
804 655 1063 704 XVIII.

103 826 135 873 1.
173 760 526 879 SEQUITUR
557 832 715 866 natura
738 816 943 882 frugum,
974 817 1303 881 hortorumque
1333 836 1385 865 ac

102 897 299 955 florum,
328 912 515 959 quaeque
549 894 634 940 alia
672 904 833 956 praeter
871 892 1054 938 arbores
1093 903 1168 938 aut
1202 891 1385 939 frutices

103 971 295 1034 benigna
324 969 481 1014 tellure
502 968 810 1030 proveniunt,
834 965 910 1012 Vel
929 981 1008 1027 per
1024 964 1066 1011 se
1090 977 1263 1012 tantum
1283 966 1386 1013 herm

101 1041 259 1090 barum
295 1039 509 1086 immensa
543 1037 961 1101 contemplatione,
998 1036 1029 1082 fi
1070 1037 1168 1100 quis
1203 1035 1387 1083 aestimet

103 1113 367 1163 varietatem
382 1149 396 1170 ,
416 1129 653 1159 numerum
666 1147 678 1169 ,
701 1107 835 1157 flores
849 1146 862 1169 ,
881 1110 1046 1157 odores
1060 1146 1073 1167 ,
1094 1108 1386 1173 coloresque,

103 1191 152 1236 δε
183 1186 368 1243 succos,
400 1202 451 1232 ac
484 1184 603 1232 vires
641 1201 791 1231 earum
811 1217 825 1242 ‚
863 1200 970 1246 quas
1009 1182 1158 1229 salutis
1188 1193 1265 1231 aut
1293 1199 1386 1229 vo-

103 1259 283 1322 luptatis
317 1258 555 1304 hominum
585 1253 726 1321 gratia
755 1256 910 1320 gignit.
945 1257 1051 1316 Qua
1080 1258 1126 1302 in
1149 1268 1272 1319 parte
1293 1255 1388 1318 pri-

105 1348 229 1377 mum
248 1330 452 1376 omnium
477 1328 750 1392 patrocinari
781 1340 936 1386 terrae,
962 1330 1011 1374 δε
1034 1327 1175 1374 adefl'e
1197 1328 1387 1374 cunero*

105 1420 205 1450 rum
244 1401 419 1465 parenti
455 1400 609 1463 juvat,
645 1418 899 1464 quanquam
929 1400 1046 1446 inter
1080 1399 1208 1446 initia
1238 1401 1389 1463 operis

108 1476 310 1524 defensae.
356 1477 589 1537 Quoniam
622 1489 771 1523 tamen
808 1475 900 1538 ipsa
933 1476 1119 1522 materia
1155 1475 1277 1521 intus
1312 1490 1390 1521 ac·—

108 1552 259 1600 cendit
277 1551 331 1597 ad
349 1551 678 1614 reputationem
697 1544 892 1612 ejusdem
910 1549 1124 1611 parientis
1151 1550 1201 1595 &
1225 1548 1390 1606 noxia,

107 1625 269 1673 nostris
299 1641 396 1670 eam
435 1624 697 1671 criminibus
730 1639 965 1687 urgemus,
1002 1622 1270 1686 culpamque
1300 1638 1391 1668 no·-

106 1699 239 1746 firam
267 1696 333 1744 illi
367 1698 651 1761 imputamus.
685 1698 857 1744 Genuit
886 1713 1093 1744 venena:
1127 1697 1280 1760 ecquis
1318 1696 1391 1743 in-

107 1771 239 1821 venit
275 1770 348 1816 illa
385 1783 549 1833 praeter
580 1771 842 1818 hominem?
883 1771 1060 1817 Cavere
1095 1787 1146 1817 ac
1189 1766 1393 1834 refugere

109 1844 288 1892 alitibus
320 1842 512 1907 ferisque
540 1844 640 1893 satis
673 1845 749 1892 est.
780 1847 928 1908 Atque
965 1861 1067 1890 cum
1100 1844 1262 1891 arbore
1287 1861 1393 1891 exa-

112 1931 246 1965 cuant
286 1918 530 1982 limentque
566 1937 735 1966 cornua
769 1919 1027 1982 elephanti,
1063 1920 1114 1965 δέ
1148 1919 1248 1966 uri:
1284 1920 1391 1966 saxo

110 1986 449 2050 rhinocerotes,
468 1994 518 2039 δε
535 2004 729 2057 utroque
746 1993 840 2056 apri
858 1993 1056 2039 dentium
1077 1992 1182 2040 ficas
1194 2029 1207 2051 ,
1227 1993 1391 2040 sciant-

111 2080 197 2128 que
217 2064 272 2109 ad
292 2066 551 2111 nocendum
575 2065 617 2112 se
648 2083 896 2129 praeparare
928 2066 1159 2113 animalia:
1181 2067 1307 2130 quod
1327 2080 1390 2113 ta-

112 2153 218 2182 men
241 2152 399 2183 eorum
421 2138 507 2183 tela
527 2137 601 2183 sua
617 2174 630 2196 ,
651 2150 841 2202 excepto
861 2138 1071 2196 homine,
1098 2139 1287 2185 venenis
1303 2139 1392 2185 tin-

113 2209 177 2272 git
197 2209 218 2266 ?·
249 2210 346 2269 Nos
381 2212 430 2257 δέ
464 2210 638 2274 sagittas
675 2212 908 2275 tingimus,
944 2229 995 2258 ac
1029 2209 1152 2258 ferro
1189 2211 1268 2275 ipsi
1303 2228 1392 2257 no-

115 2281 286 2328 centius
318 2281 489 2345 aliquid
520 2283 688 2330 damus.
728 2284 826 2330 Nos
851 2286 900 2332 &
926 2283 1111 2330 flumina
1139 2281 1390 2341 inficimus,

114 2354 164 2400 &
196 2370 345 2398 rerum
374 2365 542 2400 naturae
565 2354 797 2401 elementa.
836 2355 980 2418 Ipsum
1000 2371 1184 2418 quoque
1203 2371 1299 2418 quo
1323 2354 1391 2402 vi·

115 2427 268 2487 vitur,
300 2443 448 2474 aerem
469 2427 515 2473 in
535 2428 781 2490 perniciem
810 2429 1039 2477 vertimus.
1077 2429 1236 2492 Neque
1265 2427 1325 2474 est
1344 2439 1394 2475 ut
