1653 2797
220 207 307 268 ηε
473 198 1237 250 C.PL1N115·ECUND1

218 314 403 360 nitimos
432 310 601 373 semper
628 308 818 355 traditis:
851 324 953 354 cum
975 305 1291 369 Hellespontus
1308 341 1321 362 ‚
1349 305 1497 352 Cherss

219 384 455 443 ronesum,
475 386 525 431 &
543 381 822 433 continentia
841 380 980 445 usque
999 380 1121 426 Atho
1142 391 1372 426 montem:
1393 395 1497 425 cum

221 455 351 503 Jonia
365 490 378 511 ,
398 454 542 500 Asiam
558 488 572 512 ,
591 455 642 501 &
662 451 821 498 insulas
843 451 983 498 Afiae:
1013 468 1115 497 cum
1134 449 1470 513 Peloponnesus
1483 484 1498 507 ‚

222 527 437 590 Achajam
458 563 472 584 ,
507 527 556 573 &
591 525 646 571 ad
678 523 924 586 Hesperum
951 521 1146 585 jacentes
1174 535 1326 570 terras.
1357 520 1498 568 Chal-

219 599 304 645 daei
330 598 553 663 Assyriam
579 598 628 644 &
651 594 951 659 Babyloniam
972 594 1356 642 demonstrabunt.
1378 593 1500 641 Afri-

222 686 346 729 cam,
366 669 624 732 Hispanias,
643 667 813 713 Gallias
839 664 954 711 sileri
977 681 1072 711 non
1100 665 1183 712 erit
1200 666 1376 713 mirum.
1404 665 1447 711 N
1451 681 1500 711 e-

221 761 300 790 mo
335 743 456 789 enim
473 740 735 789 observavit
762 739 811 784 in
842 738 896 785 iis
914 774 928 797 ,
961 738 1039 802 qui
1070 737 1255 785 siderum
1287 739 1500 802 proderet

220 828 424 863 exortus.
464 817 574 862 Non
600 829 748 859 tamen
780 811 951 858 difficili
977 811 1152 858 ratione
1185 812 1499 875 dignoscentiu-

219 891 270 937 in
303 890 391 935 illis
420 903 603 951 quoque
635 885 761 931 terris
782 885 1029 949 digestione
1050 884 1348 944 circulorum,
1365 901 1500 948 quam

219 964 272 1010 in
303 962 428 1008 sexto
466 960 704 1009 volumine
739 959 956 1008 fecimus:
995 977 1082 1022 qua
1119 959 1335 1023 cognatio
1369 957 1464 1007 caeli
1485 993 1500 1015 ,

222 1051 322 1081 non
351 1033 549 1098 gentium
569 1033 709 1078 modo
731 1068 745 1090 ,
775 1048 937 1078 verum
953 1032 1132 1078 urbium
1152 1048 1333 1095 quoque
1352 1031 1502 1094 fingu-

220 1107 367 1154 larum
395 1106 660 1169 intelligitur
678 1141 692 1163 ,
712 1117 823 1152 nota
851 1122 905 1151 ex
930 1104 998 1151 his
1024 1104 1150 1151 terris
1166 1139 1181 1163 ,
1213 1121 1324 1167 quas
1349 1102 1502 1150 nomi-

225 1180 435 1227 navimus
454 1215 467 1237 ,
491 1177 632 1224 sumta
660 1178 948 1225 convexitate
978 1177 1133 1226 circuli
1160 1175 1422 1241 pertinentis
1447 1174 1503 1222 ad

223 1269 337 1317 quas
380 1251 566 1315 quisque
609 1264 779 1314 quaeret
813 1263 980 1307 terras,
1023 1252 1074 1298 &
1112 1249 1168 1296 ad
1202 1267 1353 1298 earum
1387 1249 1502 1296 fide—

225 1342 326 1371 rum
347 1337 531 1371 exortus
549 1359 563 1381 ,
592 1340 672 1386 per
706 1323 911 1369 omnium
945 1323 1218 1371 circulorum
1244 1327 1374 1387 'pares
1404 1339 1506 1368 um·-

224 1398 338 1445 bras.
382 1396 674 1444 Indicandum
701 1399 751 1445 &
787 1395 931 1453 illud,
958 1394 1235 1458 tempestates
1283 1394 1394 1458 ipsas
1431 1412 1511 1442 ar*¹

225 1470 359 1516 dores
389 1468 494 1515 suos
521 1469 680 1516 habere
710 1467 936 1532 quadrinis
963 1467 1119 1514 annis:
1147 1466 1391 1521 &easdem
1408 1483 1505 1513 non

223 1558 388 1604 magna
435 1540 678 1586 differentia
733 1540 900 1588 reverti
949 1541 1125 1587 ratione
1165 1538 1282 1586 Solis
1311 1557 1323 1587 :
1370 1539 1505 1585 oflo-

227 1613 297 1657 nis
331 1627 445 1657 vero
476 1608 625 1673 augeri
661 1608 858 1667 easdem,
889 1609 1124 1656 centesima
1157 1609 1430 1657 revolvente
1463 1608 1506 1654 se

230 1686 369 1730 Luna.

307 1757 457 1801 LVffl.
492 1754 655 1800 Omnis
685 1764 832 1799 autem
863 1753 980 1799 ratio
1004 1752 1237 1800 observata
1270 1753 1330 1800 est
1362 1753 1504 1800 tribus

227 1827 399 1874 modis:
435 1838 597 1873 exortu
637 1825 827 1872 siderum
848 1861 863 1883 ,
897 1824 1178 1890 occasuque,
1215 1826 1267 1872 &
1303 1823 1504 1888 ipsorum

227 1912 485 1963 temporum
527 1899 791 1947 cardinibus.
839 1901 1035 1946 Exortus
1077 1898 1347 1962 occasusque
1387 1897 1504 1945 binis

227 1973 376 2020 modis
406 1972 730 2036 intelliguntur.
764 1974 858 2018 Aut
890 1972 1010 2017 enim
1049 1971 1247 2019 adventu
1275 1971 1393 2018 Solis
1420 1987 1503 2018 oc-

229 2046 457 2092 cultantur
477 2045 611 2093 stellae
632 2047 681 2092 δε
712 2044 911 2107 conspici
938 2043 1140 2090 desinunt
1158 2080 1174 2101 ,
1207 2054 1282 2089 aut
1311 2041 1504 2106 ejusdem

227 2117 421 2164 abscessu
452 2117 692 2180 proferunt
714 2117 769 2164 se.
801 2116 1029 2164 Emersum
1060 2117 1151 2164 hoc
1169 2115 1354 2175 melius,
1370 2133 1504 2181 quam

229 2207 444 2247 exortum
480 2190 757 2237 consuetudo
787 2189 982 2238 dixisset:
1015 2191 1064 2237 &
1093 2188 1204 2234 illud
1230 2188 1502 2236 occultatio-

230 2281 332 2309 nem
368 2262 550 2326 pofius,
580 2279 711 2325 quam
744 2261 966 2309 occasum.
1000 2260 1107 2306 Alio
1131 2260 1300 2319 modo,
1319 2277 1412 2325 quo
1433 2260 1504 2306 die

227 2338 453 2400 incipiunt
480 2353 693 2400 apparere
721 2336 796 2385 vel
828 2336 1056 2393 desinunt,
1077 2335 1251 2381 oriente
1272 2335 1376 2382 Sole
1391 2370 1406 2393 ‚
1427 2346 1502 2381 aut

230 2413 466 2461 occidente
487 2448 503 2469 ,
548 2410 754 2457 matutini
804 2409 1108 2473 vespertinive
1154 2408 1462 2473 cognominati
1488 2443 1503 2466 ‚

227 2497 366 2547 prout
393 2483 591 2532 alterutri
613 2499 770 2543 eorum
787 2499 916 2529 mane
935 2483 1009 2529 vel
1031 2481 1292 2546 crepusculo
1318 2475 1502 2527 contin-
