1653 2797
266 188 360 237 250
539 171 876 218 C.PL1N11
918 172 1277 221 SECUND1

262 292 368 326 vata
396 279 578 326 materia
607 294 806 327 utuntur.
834 279 1076 344 palamque
1096 280 1157 328 est
1174 292 1380 330 naturam
1399 301 1536 333 acore

262 351 553 399 fermentari:
586 352 699 398 ficut
726 353 775 399 &
810 352 1035 400 validiora
1064 353 1146 400 effe
1176 371 1370 418 corpora
1387 392 1402 414 ,
1431 375 1535 420 quae

261 423 529 470 fermentato
553 441 669 486 pane
699 423 907 470 aluntur:
936 424 1104 488 quippe
1134 443 1236 472 cum
1265 427 1383 489 apud
1405 439 1549 475 vete-.

261 514 331 544 res
348 497 720 560 ponderofiffimo
747 497 910 560 cuique
936 497 1089 545 tritico
1111 499 1336 563 praecipua
1354 486 1558 548 salubri-¹

259 582 325 616 tas
349 569 569 632 perhibita
596 569 664 616 fit.

323 642 518 688 XXVH.
538 640 665 687 Panis
686 639 823 703 ipsius
841 638 968 687 varia
986 655 1144 703 genera
1162 641 1361 706 persequi
1382 642 1541 707 super-

260 734 459 764 vacuum
489 714 696 762 videtur:
726 713 831 760 alias
865 713 920 759 ab
967 712 1167 760 obsoniis
1212 715 1448 778 appellati,
1487 727 1540 763 ut

261 790 489 838 ostrearii:
519 788 624 835 alias
644 804 668 832 a
693 786 865 832 deliciis
882 821 899 843 ,
916 796 967 831 ut
986 785 1229 849 artolagani
1250 804 1261 833 ε
1288 787 1393 834 alias
1421 805 1446 835 a
1472 788 1544 834 fe-

261 864 532 918 stinatione,
565 872 616 906 ut
642 857 870 922 speustici:
903 874 988 905 nec
1024 875 1120 904 non
1156 875 1179 904 a
1211 861 1437 923 coquendi
1467 878 1542 908 ra·-

259 939 413 994 tione,
434 948 485 982 ut
508 934 747 991 furnacei,
771 932 848 980 vel
878 933 1143 996 artopticii,
1175 945 1254 981 aut
1280 935 1327 981 in
1353 934 1544 984 clibanis

261 1012 405 1060 coffl:
430 1026 526 1057 non
554 1009 728 1072 pridem
748 1007 883 1054 etiam
910 1025 935 1054 e
954 1008 1129 1054 Parthis
1153 1007 1383 1068 invectus,
1403 1025 1543 1073 quem

261 1085 516 1148 aquaticum
538 1095 731 1140 vocant,
749 1083 966 1146 quoniam
986 1099 1098 1146 aqua
1126 1083 1341 1141 trahitur,
1360 1095 1542 1129 tenuem

263 1159 313 1204 &
333 1155 570 1220 spongiosa
596 1154 836 1210 inanitate,
854 1154 930 1202 alii
957 1154 1229 1200 Parthicum.
1246 1156 1426 1201 Summa
1446 1154 1545 1201 laus

264 1229 450 1293 filiginis
482 1228 684 1275 bonitate
717 1228 767 1274 &
786 1226 922 1274 cribri
952 1227 1167 1273 tenuitate
1200 1227 1389 1275 constat.
1421 1227 1547 1288 Qui-

266 1304 367 1350 dam
399 1319 453 1348 ex
472 1301 578 1348 ovis
600 1312 676 1348 aut
693 1300 803 1347 laste
833 1298 1057 1362 subigunt,
1088 1302 1265 1364 Butyro
1294 1318 1410 1349 vero
1436 1318 1549 1365 gen-

265 1389 332 1422 tes
367 1375 498 1422 etiam
527 1386 727 1438 pacatae,
749 1373 806 1420 ad
836 1372 988 1435 operis
1015 1372 1188 1436 pistorii
1217 1390 1378 1437 genera
1406 1373 1549 1421 trans-

266 1461 399 1496 eunte
429 1467 546 1496 cura.
576 1449 727 1496 Durat
752 1447 826 1494 sua
858 1447 1026 1494 Piceno
1055 1446 1101 1492 in
1131 1447 1257 1510 panis
1275 1446 1547 1495 inventione

265 1522 405 1586 gratia
423 1557 437 1580 ‚
461 1538 518 1566 ex
549 1520 674 1566 alicae
699 1518 899 1566 materia.
928 1521 1044 1565 Eum
1072 1535 1246 1566 novem
1274 1520 1429 1568 diebus
1455 1538 1549 1567 ma-

216 1657 220 1660 *
268 1605 447 1643 cerant:
484 1592 663 1640 decimo
695 1591 751 1638 ad
783 1591 974 1653 speciem
1018 1593 1168 1638 tractae
1202 1592 1409 1656 subigunt
1441 1610 1550 1640 uvae

268 1668 396 1731 paffae
421 1666 583 1713 succo:
612 1664 766 1728 postea
794 1663 841 1709 in
871 1662 1013 1709 furnis
1031 1700 1046 1721 ‚
1071 1663 1175 1710 ollis
1205 1662 1425 1722 inditum,
1445 1681 1548 1728 quae

270 1752 536 1803 rumpantur
566 1738 662 1794 ibi,
696 1747 904 1782 torrent:
939 1751 1084 1798 neque
1120 1735 1182 1781 est
1214 1752 1270 1782 ex
1306 1752 1363 1783 eo
1397 1735 1552 1794 cibus,

271 1814 351 1860 nisi
380 1811 649 1859 madefacto:
685 1810 810 1873 quod
842 1807 892 1855 fit
918 1810 1027 1856 laete
1055 1809 1249 1856 maxime
1272 1808 1434 1857 mulso.

336 1886 547 1933 XXVIII,
576 1881 766 1930 Pistores
795 1882 956 1927 Romae
975 1897 1071 1926 non
1098 1880 1224 1927 fuere
1257 1883 1313 1928 ad
1330 1883 1554 1930 Perficum

271 1958 410 2020 usque
430 1956 621 2012 bellum,
640 1955 767 2001 annis
787 1954 842 2000 ab
856 1954 980 2002 Urbe
999 1954 1183 2001 condita
1202 1953 1336 2018 super
1351 1969 1554 2004 DLXXX.

274 2031 356 2094 Ipsi
393 2047 556 2093 panem
597 2028 819 2075 faciebant
857 2027 1094 2087 Quiritem,
1137 2027 1466 2091 mulierumque
1507 2028 1556 2074 id

276 2122 393 2168 opus
418 2117 538 2162 erat,
573 2103 683 2150 ficut
712 2101 841 2149 etiam
868 2119 990 2148 nunc
1023 2102 1070 2147 in
1105 2101 1309 2164 plurimis
1335 2103 1553 2166 gentium.

275 2182 518 2238 Artoptam
555 2174 732 2221 Plautus
766 2174 959 2237 appellat
994 2175 1042 2220 in
1074 2173 1259 2235 fabuia',
1293 2193 1425 2238 quam
1455 2177 1556 2222 Au-

277 2251 474 2298 lulariam
504 2249 694 2311 scripsit:
723 2266 882 2312 magna
909 2249 970 2295 ob
1002 2248 1048 2294 id
1081 2249 1420 2296 concertatione
1455 2265 1555 2295 eru-

278 2325 480 2370 ditorum
496 2359 510 2381 ‚
535 2339 591 2367 an
625 2325 662 2367 is
685 2321 839 2368 versus
862 2323 1010 2367 Poetae
1033 2321 1087 2367 fit
1105 2321 1224 2369 illius
1243 2340 1255 2368 z
1289 2334 1553 2384 certumque

279 2395 360 2453 fit,
387 2397 442 2442 A,
472 2392 608 2455 Atteji
633 2393 870 2456 Capitonis
899 2392 1111 2439 sententia
1143 2410 1322 2457 coquos
1344 2404 1441 2439 tum
1470 2408 1555 2453 pa-

280 2486 385 2516 nem
415 2467 679 2516 lautioribus
705 2483 904 2531 coquere
937 2466 1123 2514 solitos:
1152 2464 1423 2530 pistoresque
1453 2476 1558 2512 tan-
