1653 2797
217 117 280 166 90
471 105 1246 153 C.PL1.N115ECUND1-

221 227 301 268 nec
333 229 390 260 ex
415 212 500 261 alia
527 213 788 261 solidiorem
822 212 1127 274 carnem‚ssse,d
1155 213 1324 264 durantia
1363 213 1503 279 lligna

219 285 380 331 tentari
406 284 530 344 sues,
552 285 633 332 nifi
660 285 872 352 paulatim
895 287 1038 334 detur.
1070 287 1197 334 Hanc
1221 287 1503 340 noviffimam
1538 337 1542 341 ,

219 356 389 404 cadere.
441 357 690 423 Fungosam
736 374 916 406 carnem
951 357 1047 406 fieri
1087 358 1239 408 esculo
1259 396 1274 420 ,
1301 360 1469 408 robore
1490 396 1505 419 ‚

220 428 390 478 subere.
521 482 526 487 ,

270 500 363 552 lX.
399 505 518 565 Quae
546 503 752 569 glandem
786 503 962 562 ferunt,
994 521 1150 555 omnes
1171 508 1221 554 &
1238 505 1419 571 gallam,
1440 505 1507 553 al-

219 576 441 641 ternisque
475 578 603 625 annis
633 578 855 642 glandem.
901 578 986 625 Sed
1016 579 1175 643 gallam
1204 580 1394 628 hemeris
1422 596 1510 643 op-

221 649 402 709 timam,
435 653 484 699 &
517 651 651 698 coriis
686 651 968 714 perficiendis
1003 653 1277 716 aptiffimam.
1311 652 1510 703 Similem

221 721 327 770 huic
354 722 569 782 latifolia,
590 723 663 770 sed
686 724 920 771 laeviorem
933 761 948 783 ,
971 725 1211 790 multoque
1239 726 1384 774 minus
1406 743 1510 789 pro-

222 794 385 851 batam.
422 800 520 843 Fert
539 799 587 844 ὃς
607 797 792 860 nigram.
816 798 930 843 Duo
947 798 1065 844 enim
1086 815 1247 862 genera
1266 798 1381 846 sunt.
1402 800 1512 847 Haec

222 869 446 934 tingendis
484 871 653 931 utilior.
727 864 941 918 Nascitur*
977 884 1123 919 autem
1165 871 1280 937 galla
1320 871 1425 925 Sole
1459 873 1514 922 de

225 943 430 989 Geminis
471 957 698 1002 exeunte,
742 962 980 1007 erumpens
1019 947 1154 992 noctu
1200 945 1370 1009 semper
1410 945 1515 993 uni-

226 1015 369 1063 versa.
412 1017 584 1065 Crescit
617 1035 713 1064 uno
743 1018 814 1064 die
850 1018 1098 1066 candidior.
1143 1021 1199 1065 Et
1227 1019 1258 1065 fi
1296 1018 1402 1066 aestu
1433 1035 1515 1065 ex-

226 1101 358 1151 cepta
387 1090 478 1148 est,
511 1090 671 1137 arescit
699 1091 907 1154 protinus
925 1127 939 1149 ,
966 1109 1109 1155 neque
1152 1092 1211 1152 ad'
1239 1091 1407 1154 justum
1446 1091 1518 1138 in-

226 1175 506 1210 crementum
542 1165 754 1227 pervenit
785 1182 796 1210 :
831 1164 922 1211 hoc
956 1163 1044 1222 est,
1075 1159 1125 1210 ut
1157 1164 1368 1212 nucleum
1403 1164 1517 1212 fabae

225 1237 533 1301 magnitudine
561 1238 733 1286 habeat.
768 1239 909 1303 Nigra
945 1238 1112 1285 diutius
1153 1238 1304 1287 viret:
1335 1237 1515 1296 crescit«,-

227 1328 342 1372 que,
379 1326 432 1359 ut
470 1312 691 1360 interdum
734 1312 840 1359 mali
883 1312 1111 1375 compleat
1149 1312 1515 1376 magnitudinem.

230 1385 419 1448 Optima
458 1388 795 1450 Commagena,
829 1386 1064 1433 deterrima
1098 1403 1154 1432 ex
1191 1387 1374 1433 robore.
1419 1387 1518 1450 Sig-

230 1459 461 1519 num'ejus
478 1495 492 1517 ‚
511 1460 636 1522 quod
667 1476 874 1506 cavernae
901 1459 1189 1506 translucent.

297 1533 358 1579 X.
381 1532 542 1578 Robur
557 1568 570 1590 ,
595 1548 756 1594 praeter
782 1532 972 1579 fructum
991 1568 1003 1588 ,
1027 1531 1221 1593 plurima
1241 1533 1291 1578 &
1315 1531 1399 1578 alia
1425 1531 1518 1595 gig-

234 1605 314 1651 nit.
339 1607 549 1667 Namque
569 1604 653 1651 fert
673 1608 721 1652 &
739 1604 866 1669 gallae
887 1617 1128 1668 utrumque
1151 1621 1312 1668 genus,
1331 1605 1381 1652 &
1399 1621 1522 1667 quae-

233 1678 334 1723 dam
367 1678 514 1724 veluti
544 1694 701 1735 mora,
732 1677 780 1723 ni
808 1677 1018 1724 distarent
1048 1677 1168 1723 arida
1196 1676 1391 1723 duritie:
1424 1676 1522 1739 ple-

235 1768 423 1814 rumque
452 1752 564 1798 tauri
591 1764 726 1815 caput
756 1751 1002 1808 imitantia,
1032 1750 1194 1813 quibus
1221 1750 1389 1797 fruetus
1411 1749 1523 1805 inest

235 1825 407 1872 nucleis
435 1825 575 1872 olivae
610 1824 774 1872 fimilis.
820 1822 1075 1870 Nascuntur
1108 1822 1154 1868 in
1181 1839 1237 1869 eo
1267 1824 1317 1870 &
1345 1822 1521 1884 pilulae,

237 1898 427 1945 nucibus
449 1915 543 1945 non
571 1898 813 1956 absimiles,
834 1897 954 1944 intus
979 1897 1191 1943 habentes
1213 1895 1389 1942 floccos
1406 1895 1524 1942 mol-

238 1970 299 2017 les
318 2008 329 2028 ‚
353 1970 635 2018 lucernarum
664 1971 906 2017 luminibus
927 1982 1071 2033 aptos.
1106 1971 1223 2016 Nam
1239 1971 1289 2017 &
1304 1968 1394 2015 fine
1416 1968 1522 2015 oleo

240 2042 451 2107 flagrant,
481 2045 606 2091 sicuti
640 2044 753 2108 galla
778 2044 916 2108 nigra.
957 2047 1057 2090 Fert
1085 2045 1134 2090 &
1160 2042 1292 2089 aliam
1319 2042 1524 2089 inutilem

240 2114 424 2179 pilulam
462 2136 566 2165 cum
600 2119 764 2181 capillo
784 2155 797 2176 ,
819 2135 966 2165 verno
997 2130 1143 2164 tamen
1174 2132 1378 2180 tempore
1411 2116 1524 2163 mel-

243 2190 379 2254 ligeni
409 2191 540 2239 succi.
587 2193 794 2256 Gignunt
821 2194 872 2240 &
898 2192 978 2238 alae
1011 2207 1240 2237 ramorum
1275 2188 1370 2252 ejus
1404 2188 1523 2252 pilu-

241 2264 304 2310 las
322 2300 334 2322 ,
356 2280 548 2327 corpore
563 2301 576 2322 ‚
600 2281 694 2310 non
714 2264 924 2327 pediculo
937 2300 950 2322 ‚
969 2264 1267 2314 adhaerentes:
1289 2261 1526 2315 candican-

245 2355 307 2384 tes
334 2338 586 2385 umbilicis:
623 2353 768 2384 cetera
798 2338 921 2402 nigra
946 2337 1161 2384 varietate
1191 2334 1389 2400 dispersa.
1423 2336 1524 2380 Me-

245 2413 316 2459 dia
346 2413 472 2460 cocci
506 2412 707 2460 colorem
735 2412 913 2459 habent.
956 2411 1133 2475 Apertis
1163 2426 1308 2461 amara
1339 2408 1525 2455 inanitas
