1653 2797
687 41 707 61 t

202 171 255 217 16
470 168 1253 222 C.PLINIISECUND1

195 278 399 325 Thraciae
431 277 652 323 maritima
679 289 803 340 parte
831 279 985 342 genito
1002 316 1016 338 ,
1038 292 1087 327 ut
1115 283 1272 329 au&or
1299 283 1362 331 est
1388 287 1488 335 Ho-⁴

192 369 354 399 merus.
393 352 551 414 Neque
577 351 697 398 enim
723 351 949 412 sabulosa,
976 366 1052 400 aut
1079 355 1134 401 de
1159 357 1336 420 origine
1361 361 1487 409 varie

195 423 379 487 prodita
413 422 751 481 conse&amur‚
783 436 1077 488 praeterquam
1115 427 1350 476 Aristaeum
1390 431 1489 493 pri-

194 513 317 542 mum
345 496 555 543 omnium
575 496 622 542 in
650 496 802 542 eadem
831 509 962 562 gente
982 499 1071 544 mel
1097 500 1315 548 miscuisse
1342 503 1486 563 vino,

191 569 409 616 suavitate
446 569 673 632 praecipua
707 570 940 633 utriusque
974 584 1144 618 naturae
1178 572 1337 635 sponte
1372 592 1483 637 pro-

191 644 432 691 venientis.
463 646 733 690 Maroneum
755 644 897 691 vicies
915 655 1046 690 tanto
1069 646 1224 692 addito
1245 664 1370 711 aquae
1393 649 1482 696 mi-

189 717 402 765 scendum
437 718 662 766 Homerus
694 718 911 780 prodidit.
961 719 1112 765 Durat
1145 720 1279 767 etiam
1307 722 1379 769 vis
1407 740 1482 770 ea-

188 791 292 837 dem
318 790 366 835 in
393 802 508 838 terra
535 790 711 854 generi,
739 790 964 853 vigorque
990 791 1253 839 indomitus.
1291 795 1478 858 Quippe

184 881 288 911 cum
323 863 561 910 Mucianus
595 874 663 908 ter
690 860 865 909 Consul
900 879 956 908 ex
984 863 1082 921 his,
1110 864 1187 927 qui
1217 868 1477 928 nuperrime
1523 881 1527 885 '

182 936 444 1000 prodidere,
460 934 677 981 sextarios
695 934 890 997 singulos
908 935 1140 998 o&ogenis
1157 953 1284 1000 aquae
1298 938 1477 989 misceri

183 1007 459 1071 compererit
480 1006 674 1069 praesens
694 1005 741 1050 in
768 1021 824 1052 eo
843 1006 996 1052 traEtu.
1033 1006 1128 1052 Effe
1146 1019 1292 1054 autem
1308 999 1477 1071 ¹colore

181 1081 362 1144 nigrum
376 1116 390 1138 ‚
411 1079 678 1136 odoratum,
698 1078 913 1137 vetustate
931 1080 1309 1143 pinguescere-Et
1325 1085 1477 1131 Pram-

180 1153 290 1211 nio,
316 1152 447 1216 quod
475 1151 596 1197 idem
628 1150 855 1196 Homerus
891 1150 1158 1211 celebravit,
1187 1154 1321 1201 etiam
1348 1173 1475 1204 nunc

180 1225 335 1272 honos
361 1221 505 1271 durat.
545 1221 755 1268 Nascitur
780 1223 988 1286 Smyrnae
1015 1224 1225 1287 regione,
1250 1225 1376 1287 juxta
1397 1231 1475 1276 de·

177 1300 360 1346 lubrum
377 1297 537 1344 Matris
555 1296 725 1343 Deum.
744 1298 794 1340 ln
812 1296 997 1358 reliquis
1016 1297 1189 1344 claritas
1207 1299 1360 1361 generi
1376 1315 1476 1346 non

179 1372 263 1418 fuit
295 1370 443 1418 alicui.
481 1371 618 1415 Anno
654 1367 742 1413 fuit
779 1368 984 1414 omnium
1020 1385 1234 1432 generum
1268 1371 1475 1432 bonitas,

178 1448 228 1492 L.
262 1444 453 1507 Opimio
488 1441 686 1489 Consule
706 1477 720 1499 ‚
746 1458 848 1488 cum
884 1443 939 1487 C.
974 1442 1207 1489 Gracchus
1240 1443 1474 1492 Tribunus

177 1519 356 1583 plebem
374 1515 666 1564 seditionibus
683 1515 852 1579 agitans
872 1515 1157 1561 interemtus:
1180 1532 1231 1562 ea
1250 1514 1348 1562 caeli
1363 1527 1472 1564 tem-

174 1592 322 1656 peries
351 1589 496 1648 fulfit,
520 1606 653 1653 quam
680 1588 909 1635 costuram
931 1599 1130 1644 vocant,
1152 1587 1270 1634 Solis
1302 1603 1473 1650 opere,

178 1665 316 1712 natali
340 1663 477 1711 Urbis
498 1675 761 1709 DCXXXHI.
791 1662 1065 1724 Durantque
1087 1661 1233 1707 adhuc
1254 1660 1364 1708 vina
1387 1661 1469 1708 du-

179 1738 321 1785 centis
355 1736 448 1783 fere
488 1735 650 1790 annis,
681 1733 770 1796 jam
808 1734 856 1780 in
891 1733 1081 1796 speciem
1117 1733 1291 1779 redafta
1323 1733 1470 1780 mellis

172 1811 352 1874 asperi:
392 1809 557 1855 etenim
586 1807 683 1853 haec
713 1818 869 1874 natura
898 1805 1018 1852 vinis
1047 1806 1094 1852 in
1123 1805 1345 1867 vetustate·
1373 1805 1435 1852 est
1454 1823 1470 1853 z

178 1900 263 1930 nec
293 1882 443 1945 potari
472 1897 551 1943 per
586 1879 628 1926 se
660 1891 859 1943 queunt,
883 1878 915 1932 si
941 1895 1038 1924 non
1065 1877 1469 1940 pet-vincataqua,

177 1959 316 2021 usque
343 1957 391 2003 in
416 1954 756 2002 amaritudinem
783 1954 902 2000 carie
929 1953 1163 2000 indomita.
1195 1952 1281 1999 Sed
1307 1952 1470 1999 ceteris

177 2031 301 2078 vinis
335 2027 704 2076 commendandis
741 2026 925 2074 minima
962 2025 1109 2089 aliqua
1144 2024 1339 2071 mixtura
1369 2040 1468 2070 me·-

178 2105 425 2152 dicamenta
457 2102 598 2148 sunt:
635 2101 793 2164 quod,
819 2112 869 2147 ut
901 2099 994 2162 ejus
1025 2098 1242 2161 temporis
1274 2096 1467 2143 aestima-

177 2179 304 2224 tione
330 2177 376 2221 in
402 2175 589 2239 singulas
609 2175 847 2237 amphoras
869 2173 1047 2221 centeni
1070 2172 1254 2219 nummi
1268 2171 1471 2223 statuam¹

177 2262 251 2297 tur
270 2286 283 2308 ‚
316 2266 371 2295 ex
404 2249 472 2294 his
504 2259 682 2304 tamen,
709 2247 836 2295 usura
864 2247 1160 2309 mnitiplicata
1189 2244 1465 2302 semiffibusj

175 2342 276 2388 quae
305 2324 452 2370 civilis
477 2341 529 2370 ac
553 2322 731 2369 'modica
753 2321 845 2380 est,
871 2321 922 2367 in<
944 2320 1045 2382 Caji
1065 2318 1250 2367 Caesaris
1276 2320 1462 2366 Germa·
1518 2318 1521 2321 ’

180 2397 271 2442 nici
305 2396 387 2442 filii
430 2395 714 2459 principatu,
761 2396 888 2440 annis
930 2407 1028 2440 CLX
1082 2391 1268 2456 singulas
1306 2386 1462 2435 uncias

177 2469 280 2517 vini
299 2469 539 2517 constitisse
567 2468 712 2516 nobili
737 2467 948 2532 exemplo
976 2466 1242 2523 docuimus,
1263 2459 1461 2531 repsere-nt
