1653 2797
263 154 1255 203 NATUR.H1ST0R.L13.XV1.
1331 172 1416 214 127

134 260 256 322 sura,
279 282 334 311 ex
353 264 483 312 brevi
499 278 653 326 pugno
677 260 829 309 verius
848 297 861 319 ,
881 279 1016 325 quam
1044 279 1196 310 ramo:
1220 280 1315 311 non
1331 299 1345 322 ,
1369 277 1420 310 ut

135 354 312 394 remur,
331 336 378 382 in
396 333 648 382 noviffimis
668 332 862 379 curanda
883 332 1057 380 arbore.
1085 335 1264 382 Nullius
1283 336 1421 399 quip-

134 426 191 472 pe
214 409 356 455 tutior
384 407 446 454 est
471 405 663 464 reditus,
683 403 932 452 minorisve
951 405 1191 469 impendii,
1211 423 1286 456 aut
1304 420 1422 456 tem-
1437 469 1450 477 „

134 481 353 547 pestatum
388 477 599 526 securior.

202 554 364 604 LXIX.
394 553 604 602 Tertium
639 551 796 600 locum
830 551 870 598 ei
902 551 950 598 in
981 551 1275 600 aestimatione
1307 554 1420 601 ruris

132 635 252 681 Cato
276 631 480 679 attribuit
498 667 512 690 ,
537 630 827 694 prioremque
845 646 981 693 quam
1018 629 1230 687 olivetis,
1265 647 1421 693 quam-

133 720 221 767 que
241 702 471 750 frumento
488 737 503 761 ,
533 718 609 748 aut
629 700 793 764 pratis:
816 718 900 748 nec
921 702 1024 766 quia
1051 702 1192 749 desint
1212 703 1298 750 alia
1316 704 1420 750 vin-

135 775 245 823 cula.
283 776 512 840 Siquidem
553 776 604 822 &
642 773 848 838 genistae,
881 776 931 823 δε
966 775 1160 838 populi,
1190 777 1240 823 &
1280 775 1419 830 ulmi,

135 851 187 898 &
218 849 449 915 sanguinei
477 849 659 896 frutices
677 885 690 907 ,
718 849 769 895 &
794 848 998 907 betullae,
1025 850 1076 897 &
1094 850 1268 898 arundo
1306 848 1422 906 fiffa,

134 926 185 972 &
217 924 488 970 arundinum
520 921 631 969 folia
651 957 665 980 ,
702 932 752 967 ut
790 920 837 967 in
863 921 1068 986 Liguria,
1099 922 1278 973 &vitis
1304 923 1421 987 ipsa,

132 995 370 1060 recisisque
404 994 568 1044 aculeis
605 993 708 1040 rubi
746 993 960 1058 alligant,
996 994 1242 1042 &intorta
1274 1012 1418 1060 cory-

131 1067 233 1116 luss
255 1070 538 1132 Mirumque,
575 1066 768 1115 contuso
803 1067 929 1132 ligno
964 1067 1097 1115 alicui
1133 1067 1325 1127 majores
1364 1071 1418 1115 ad

133 1144 322 1192 vincula
362 1144 448 1192 effe
492 1142 629 1191 vires.
681 1142 814 1188 Salici
864 1155 1015 1188 tamen
1056 1142 1283 1205 praecipua
1322 1144 1419 1188 dos.

131 1217 335 1264 Finditur
370 1220 533 1264 Graeca
566 1214 760 1262 rubens:
798 1215 1034 1261 candidior
1064 1217 1308 1274 Amerina,
1347 1215 1420 1262 sed

131 1291 272 1355 paulo
309 1290 544 1355 fragilior,
580 1288 684 1336 ideo
719 1288 866 1335 solido
906 1288 1013 1351 ligat
1058 1305 1193 1335 nexu.
1234 1291 1285 1335 In
1320 1289 1421 1335 Asia

130 1365 216 1412 tria
240 1382 401 1430 genera
430 1363 689 1413 observant.
720 1363 906 1425 Nigram
924 1397 937 1419 ,
971 1361 1203 1407 utiliorem
1230 1362 1420 1408 vimini-

132 1438 243 1485 bus:
281 1437 517 1485 candidam
553 1434 847 1499 agricolarum
874 1434 1051 1480 ufibus:
1079 1435 1257 1480 tertiam
1277 1471 1291 1494 ,
1317 1453 1419 1499 quat

130 1513 387 1560 breviffima
416 1510 478 1558 est
496 1547 510 1570 ,
541 1509 731 1556 helicem
758 1520 945 1555 vocant.
975 1509 1109 1570 Apud
1128 1525 1214 1554 nos
1233 1523 1419 1572 quoque

132 1585 261 1632 multi
296 1585 489 1632 totidem
517 1582 751 1648 generibus
778 1581 966 1628 nomina
989 1580 1256 1643 imponunt:
1277 1582 1417 1629 vimi-

132 1677 262 1707 neam
280 1669 480 1717 vocant,
502 1658 782 1721 eandemque
801 1673 1084 1721 purpuream.
1114 1656 1315 1704 Alteram
1344 1659 1416 1703 ni-

132 1734 312 1781 telinam
341 1751 365 1780 a
400 1732 559 1781 colore
576 1768 590 1790 ,
611 1748 715 1796 quae
745 1731 797 1778 fit
833 1731 1028 1778 tenuior.
1045 1731 1247 1777 Tertiam
1268 1732 1416 1779 Galli-

131 1823 251 1865 cam,
287 1824 386 1871 quae
415 1807 676 1854 tenuissima.

207 1881 349 1927 LXX.
379 1881 477 1927 Nec
517 1880 565 1925 in
595 1879 834 1937 fruticum,
874 1894 957 1923 nec
992 1877 1037 1922 in
1069 1877 1278 1939 veprium
1311 1896 1416 1925 cau-

130 1952 304 1999 liumve
322 1989 336 2011 ,
354 1970 500 2017 neque
529 1954 577 2000 in
608 1954 875 2011 herbarum,
909 1965 983 1999 aut
1015 1952 1106 1999 alio
1136 1953 1260 2011 ullo,
1282 1970 1416 2016 quam

131 2026 211 2072 suo
247 2042 442 2090 genere,
479 2039 769 2073 numerentur
814 2025 911 2087 jure
951 2025 1081 2089 scripi
1116 2026 1293 2089 fragiles
1334 2044 1415 2089 pa·—

133 2097 396 2163 lustresque,
413 2099 468 2146 ad
481 2100 681 2164 tegulum
694 2137 707 2158 ,
723 2099 995 2163 tegetesque:
1015 2116 1039 2145 e
1061 2099 1220 2162 quibus
1243 2099 1415 2147 detrac-

132 2184 182 2218 to
222 2173 424 2232 cortice,
459 2173 655 2222 candelae
693 2173 934 2223 luminibus
975 2175 1025 2220 ὅ(
1058 2172 1289 2220 funeribus
1325 2173 1414 2220 ser-

131 2246 278 2294 viunt.
323 2245 513 2294 Firmior
541 2247 802 2312 quibusdam
842 2248 888 2294 in
932 2247 1045 2295 locis
1077 2265 1236 2294 eorum
1274 2248 1415 2311 rigor.

132 2321 340 2385 Namque
365 2322 417 2369 iis
440 2321 670 2369 velificant
696 2340 792 2369 non
827 2323 874 2369 in
903 2323 1024 2370 Pado
1062 2335 1234 2370 tantum
1265 2321 1414 2368 nauti-

133 2396 204 2455 ci,
233 2412 394 2442 verum
428 2398 479 2444 δε
504 2396 548 2442 in
577 2396 689 2443 mari
720 2395 913 2459 piscator
943 2396 1142 2455 Africus,
1169 2394 1412 2457 praeposte-

130 2486 184 2517 ro
214 2486 343 2517 more
367 2468 469 2518 vela
495 2469 608 2517 intra
634 2469 777 2517 malos
811 2469 1093 2533 suspendens.
1132 2470 1188 2515 Et
1223 2466 1412 2531 mapalia
