1653 2797
216 196 311 243 294
485 180 540 226 C.
584 180 837 229 PLINII
885 181 1259 234 SECUNDI

212 287 476 352 prioribus,
511 288 607 335 aliis
645 288 900 353 rubiginem
920 325 934 348 ,
967 289 1063 338 aliis
1098 292 1364 354 uredinem,
1401 294 1500 343 aliis

212 360 541 409 carbunculum
569 360 925 424 appellantibus,
956 363 1166 410 omnibus
1192 381 1306 413 vero
1339 366 1497 415 sterili-

210 446 363 481 tatem.
389 436 465 481 De
487 435 554 482 his
574 452 695 482 nunc
719 435 908 482 dicimus
923 472 936 494 ‚
964 454 987 482 a
1007 438 1136 484 nullo
1156 452 1258 486 ante
1284 457 1370 489 nos
1388 459 1499 506 pro-

209 507 331 566 dita,
357 507 568 572 priusque
599 508 749 556 causas
783 510 1031 561 reddemus.

287 598 326 627 2.
365 583 485 629 Duae
517 581 618 629 sunt
653 595 813 645 praeter
847 582 1076 641 lunarem,
1112 585 1356 649 paucisque
1398 588 1499 635 caeli

210 653 326 700 locis
344 653 565 705 constant,
604 655 813 717 Namque
830 655 1043 718 Vergiliae
1068 655 1283 717 privatim
1306 659 1501 710 attinent
1548 706 1555 711 ,

211 726 268 774 ad
300 725 469 774 fructus
488 761 501 786 ,
531 739 581 774 ut
611 743 799 790 quarum
830 738 996 774 exortu
1026 727 1146 774 aestas
1168 728 1356 792 incipiat
1376 768 1390 790 ,
1411 750 1498 780 oc-

210 797 315 846 casu
341 799 481 846 hiems
501 836 513 857 ,
546 798 738 845 semestri
773 798 915 861 spatio
943 799 1057 846 intra
1087 799 1129 847 se
1158 802 1310 850 meffes
1329 804 1496 852 vinde-

209 871 409 934 miasque
444 873 494 919 δέ
533 872 741 920 omnium
776 871 1076 918 maturitatem
1117 872 1383 936 complexae.
1420 877 1495 926 Est

207 955 423 1006 praeterea
452 943 498 988 in
530 942 643 989 caelo
662 979 679 1000 2
721 943 799 1006 qui
826 954 1022 990 vocatur
1066 942 1227 990 laeieus
1264 944 1462 995 circulus
1481 984 1497 1007 ,

208 1015 345 1061 etiam
375 1014 478 1062 visu
509 1013 664 1062 facilis.
695 1014 836 1076 Hujus
864 1014 1067 1061 defluvio
1086 1051 1100 1073 ,
1122 1013 1250 1062 velut
1281 1034 1338 1063 ex
1357 1019 1498 1068 ubere

208 1088 390 1153 aliquo,
411 1089 500 1136 sata
520 1089 676 1136 euntia
695 1088 956 1146 iaciescunt,
979 1088 1176 1135 duorum
1199 1089 1392 1144 siderum
1412 1093 1499 1140 ob-

208 1162 494 1221 servatione,
519 1163 699 1226 Aquilae
734 1163 781 1208 in
810 1162 1161 1228 septemtrionali
1188 1176 1313 1224 parte
1333 1200 1348 1224 ,
1369 1167 1421 1215 &
1447 1168 1498 1214 in

209 1236 407 1285 austrina
427 1236 662 1283 Caniculae
679 1271 692 1293 ‚
728 1235 858 1296 cujus
882 1235 1160 1282 mentionem
1186 1235 1264 1283 suo
1298 1238 1407 1286 loco
1427 1239 1497 1287 fe-

210 1311 368 1359 cimus.
404 1309 496 1374 Ipse
531 1309 723 1357 circulus
757 1309 897 1356 fertur
929 1326 1009 1372 per
1045 1309 1329 1373 Sagittarium
1361 1325 1498 1378 atque

188 1398 191 1400 ·
208 1383 433 1430 Geminos
451 1420 464 1442 ‚
484 1383 601 1430 Solis
621 1393 781 1429 centro
804 1382 871 1429 bis
899 1381 1260 1446 aequinoctialem
1279 1385 1499 1436 circulum

208 1457 391 1512 secans,
415 1457 720 1504 commifl'uras
741 1473 901 1503 eorum
933 1456 1168 1503 obtinente
1186 1457 1293 1505 hinc
1309 1460 1498 1523 Aquila,

208 1530 337 1577 illinc
364 1524 597 1577 Canicula.
638 1531 745 1576 Ideo
778 1530 957 1577 effectus
989 1531 1219 1595 utriusque
1248 1533 1305 1579 ad
1338 1549 1499 1582 omnes

209 1603 444 1667 frugiferas
464 1605 693 1666 pertinent
711 1616 879 1651 terras:
906 1603 1121 1667 quoniam
1149 1605 1197 1653 in
1226 1606 1294 1652 his
1321 1617 1498 1654 tantum

208 1678 324 1724 locis
353 1678 471 1726 Solis
508 1690 727 1742 terraeque
750 1689 901 1724 centra
936 1689 1207 1741 congruunt.
1240 1678 1378 1741 Igitur
1409 1679 1498 1726 ho-

208 1767 309 1796 rum
332 1750 524 1796 siderum
556 1751 742 1810 diebus,
777 1750 810 1797 fi
842 1768 979 1814 purus
1013 1764 1146 1816 atque
1174 1752 1293 1798 mitis
1323 1769 1398 1799 aer
1416 1770 1497 1817 ge-

207 1823 392 1872 nitale-m
424 1823 549 1869 illum
593 1824 874 1887 lacteumque
911 1823 1092 1872 succum
1125 1825 1410 1872 transmiserit
1445 1825 1496 1873 in

205 1908 346 1943 terras
366 1933 380 1955 ,
408 1896 508 1944 laeta
538 1896 800 1944 adolescunt
819 1896 919 1944 sata.
951 1897 996 1943 Si
1023 1899 1147 1948 Luna
1163 1933 1178 1955 ,
1211 1915 1300 1962 qua
1327 1899 1493 1949 dietum
1515 1912 1518 1916 '

205 1968 270 2014 est
306 1969 480 2016 ratione
501 2007 515 2028 ,
551 1969 777 2016 roscidum
813 1970 951 2034 frigus
993 1970 1256 2034 asperserit,
1297 1971 1495 2018 admixta

206 2042 493 2100 amaritudo,
523 2055 575 2089 ut
599 2043 645 2088 in
673 2043 811 2101 laste,
843 2043 1129 2107 puerperium
1149 2055 1292 2092 necat.
1323 2045 1494 2092 Modus

206 2112 252 2158 in
280 2113 408 2159 terris
434 2113 571 2176 hujus
602 2114 806 2177 injuriae,
839 2133 977 2178 quem
1005 2116 1113 2164 fecit
1146 2116 1194 2163 in
1224 2133 1494 2181 quacunque

205 2184 500 2232 convexitate
522 2187 759 2234 comitatus
775 2187 1004 2252 utriusque
1024 2187 1179 2236 causae.
1199 2191 1257 2235 Et
1273 2188 1376 2235 ideo
1394 2205 1492 2236 non

204 2257 372 2319 pariter
404 2257 451 2304 in
482 2270 584 2305 toto
617 2261 727 2306 orbe
762 2261 976 2319 sentitur,
1009 2273 1058 2308 ut
1088 2279 1173 2309 nec
1202 2262 1308 2309 dies.
1343 2262 1490 2326 Aqui-

201 2328 288 2375 lam
327 2329 520 2377 diximus
552 2331 597 2376 in
635 2333 758 2380 Italia
788 2334 957 2381 exoriri
985 2352 1023 2381 a.
1058 2334 1099 2382 d.
1129 2349 1227 2382 x111
1263 2335 1488 2382 Kalendas

198 2403 408 2451 Januarii.
446 2405 544 2451 Nec
570 2405 735 2468 patitur
759 2408 874 2454 ratio
898 2421 1067 2455 naturae
1088 2410 1331 2474 quidquam
1351 2409 1399 2454 in
1421 2408 1486 2454 sa-

198 2475 257 2520 tis
290 2487 393 2522 ante
429 2493 533 2523 eum
567 2477 684 2524 diem
716 2477 807 2542 spei
837 2479 920 2526 effe
950 2492 1098 2528 certae.
1125 2479 1169 2526 Si
1197 2497 1313 2528 vero
1341 2479 1487 2526 inter-
