1653 2797
212 183 502 231 NATUR.
536 179 849 227 HISTOR.
884 181 1016 226 LIB.
1046 177 1257 224 XVIII.
1296 187 1383 237 235

117 290 283 355 tingit,
319 289 603 356 germinantis
634 286 766 333 ramis
802 286 965 332 baculo
989 285 1187 332 decuffis.
1225 284 1392 329 Succus

120 364 239 410 enim
274 382 330 411 ex
359 364 447 427 ipsa
472 361 696 417 defluens,
716 370 846 405 necat
862 360 1044 406 radices.
1078 358 1216 420 Ajunt
1234 358 1283 403 &
1306 355 1395 401 cir-

121 453 171 483 ca
195 437 425 484 solstitium
446 434 617 487 avulsas
637 450 732 479 non
750 432 945 488 renasci,
964 449 1046 478 nec
1065 431 1280 478 arundine
1300 428 1395 474 sec—

118 520 211 567 taS‚
243 521 318 556 aut
336 519 533 555 exaratas
564 506 744 553 vomeri
773 505 986 552 arundine
1017 505 1233 566 imposita.
1264 500 1394 548 Simi-

119 581 221 628 liter
256 584 307 629 &
332 580 596 628 arundinem
629 578 800 626 exarari
825 577 943 624 filice
970 576 1151 623 vomeri
1188 574 1394 638 imposita

117 654 398 717 praecipiunt.
433 653 649 702 Juncosus
681 669 783 716 ager
811 650 931 698 verti
964 650 1061 712 pala
1088 648 1242 695 debet:
1278 659 1322 694 at
1348 647 1396 692 in

119 723 279 775 saxoso
309 726 578 773 bidentibus.
617 727 795 772 Fruteta
827 724 919 787 igni
951 723 1122 786 optime
1158 720 1397 767 tolluntur.

118 797 433 867 Humi-(liorem
470 814 625 860 agrum
657 795 778 843 fofiis
812 795 994 843 concidi
1036 807 1168 858 atque
1204 792 1358 839 siccari
1381 826 1395 848 ,

120 870 397 918 utilissimum
427 870 518 916 est:
551 869 682 916 fossas
716 881 864 916 autem
897 868 1078 915 cretosis
1115 867 1229 914 locis
1266 881 1397 928 aper-

121 955 186 991 tas
217 943 441 1006 relinqui:
467 943 515 988 in
543 942 759 989 solutiore
777 955 895 989 terra
916 942 1089 1005 sepibus
1120 939 1286 986 firmari
1296 975 1311 997 ,
1338 954 1394 984 ne

121 1018 386 1082 procidant:
412 1029 487 1062 aut
504 1016 669 1079 supinis
693 1017 902 1064 lateribus
923 1015 1245 1079 procumbere:
1273 1011 1398 1076 quas-

122 1090 223 1137 dam
256 1089 501 1147 occaecari,
534 1092 583 1137 &
624 1089 671 1135 in
709 1089 811 1135 alias
850 1088 981 1152 dirigi
1014 1087 1208 1150 majores
1237 1098 1396 1149 paten-

122 1162 372 1226 tioresque:
418 1162 450 1208 fi
487 1162 539 1208 fit
571 1163 779 1221 occafio,
813 1163 933 1209 filice
964 1162 1041 1210 vel
1075 1162 1221 1225 glarea
1249 1158 1400 1206 sterni.

77 1272 79 1278 .
123 1237 220 1282 Ora
252 1246 400 1281 autem
432 1252 583 1282 earum
615 1236 731 1282 binis
765 1236 980 1299 utrinque
1009 1234 1227 1297 lapidibus
1261 1233 1400 1279 statu-

122 1308 311 1366 minari,
337 1310 387 1356 &
406 1309 496 1355 alio
529 1309 811 1373 superintegi.
840 1309 976 1355 Silvae
1000 1306 1294 1370 exstirpandae
1327 1323 1399 1351 ra-

123 1384 295 1430 tionem
314 1384 608 1431 Democritus
628 1383 829 1447 prodidit
847 1419 861 1441 ‚
884 1383 1026 1444 lupini
1055 1381 1169 1428 flore
1197 1382 1243 1426 in
1264 1380 1399 1427 succo

122 1455 282 1502 cicutae
316 1472 409 1501 uno
442 1455 512 1502 die
538 1468 792 1514 macerato,
826 1454 1062 1518 sparsisque
1082 1452 1320 1500 radicibus.

187 1529 267 1575 IX.
286 1530 342 1575 Et
365 1528 578 1592 quoniam
595 1540 863 1591 praeparatus
882 1526 942 1573 est
963 1543 1065 1589 ager
1077 1562 1090 1582 ,
1109 1536 1264 1570 natura
1282 1540 1402 1569 nunc

125 1601 397 1648 indicabitur
417 1600 609 1665 frugum.
641 1603 753 1647 Sunt
779 1612 928 1647 autem
959 1600 1049 1645 duo
1076 1599 1216 1662 prima
1248 1615 1403 1643 earum

125 1690 297 1739 genera.
339 1676 606 1730 Frumenta,
637 1685 686 1719 ut
717 1674 945 1731 triticum,
974 1673 1229 1718 hordeum:
1265 1673 1314 1717 δε
1336 1669 1402 1715 le-

125 1743 567 1810 gumina,utwfaba,
603 1744 736 1792 cicer.
779 1744 1048 1792 Differentia
1070 1758 1184 1790 vero
1221 1741 1402 1799 notior,

125 1835 258 1883 quam
287 1828 337 1864 ut
359 1816 546 1864 indicari
581 1817 749 1864 deceat.

191 1893 250 1938 X.
287 1909 322 1938 1.
355 1891 584 1937 Frumenti
609 1891 742 1954 ipsius
761 1891 953 1939 totidem
974 1907 1135 1955 genera
1153 1925 1166 1946 ‚
1185 1905 1267 1951 per
1287 1900 1403 1934 tem-

128 1981 241 2027 pora
266 1963 360 2010 satu
380 1963 533 2010 divisa.
573 1965 797 2023 Hiberna,
837 1982 937 2028 quae
967 1964 1084 2010 circa
1108 1962 1405 2026 Vergiliarum

131 2035 334 2085 occasum
363 2035 451 2083 sata
475 2048 593 2082 terra
624 2054 703 2099 per
721 2037 914 2083 hiemem
940 2038 1224 2094 nutriuntur,
1256 2047 1305 2082 ut
1324 2035 1405 2081 tri-

131 2110 296 2167 ticum,
319 2108 385 2156 far
399 2145 412 2168 ‚
427 2109 662 2156 hordeum.
681 2109 872 2167 AEffiva,
892 2126 992 2174 quae
1013 2111 1158 2158 aestate
1176 2123 1276 2157 anre
1294 2111 1406 2155 Ver·

132 2183 337 2247 giliarum
363 2194 576 2229 exortum
604 2181 836 2239 seruntur,
868 2194 918 2230 ut
945 2182 1116 2229 milium
1132 2219 1145 2241 ,
1167 2181 1405 2244 panicum,

132 2256 304 2313 sesama,
325 2255 602 2313 horminum,
624 2255 731 2313 irio,
749 2255 887 2301 Italiae
907 2255 1135 2302 dumtaxat
1152 2255 1256 2301 ritu.
1282 2253 1407 2298 Alio-

133 2327 212 2392 qui
246 2327 292 2373 in
317 2327 495 2374 Graecia
524 2329 573 2374 &
601 2327 699 2373 Asia
724 2328 878 2374 omnia
908 2328 1205 2391 Vergiliarum
1244 2323 1408 2370 occasu

133 2401 347 2448 seruntur.
385 2399 606 2459 Quaedam
635 2413 781 2446 autem
800 2413 995 2463 utroque
1013 2412 1216 2461 tempore
1246 2397 1291 2442 in
1319 2399 1407 2443 Ita-

132 2474 204 2525 lia.
239 2476 305 2522 Ex
338 2472 405 2519 his
430 2472 633 2539 quaedam
666 2477 714 2520 ὅ(
745 2474 912 2532 tertio,
940 2473 1062 2520 veris
1089 2472 1269 2519 scilicet.
1306 2469 1406 2516 Ali-
1453 2467 1456 2471 ’
