1653 2797
203 196 289 239 124
467 181 521 226 c.
567 170 814 229 PLINH
863 183 1232 231 SECUNDI

195 304 316 346 vax,
338 287 584 351 geniculata
610 292 659 337 δε
682 289 781 353 ipsa.
820 290 947 336 Folia
974 288 1136 336 Indicis
1166 298 1338 337 tantum
1364 291 1467 338 bre-

197 359 289 405 via.
330 359 555 409 Omnibus
592 379 706 409 vero
735 380 759 409 a
794 362 921 409 nodo
958 360 1090 420 orsa,
1122 362 1363 425 complexu
1400 376 1469 410 te-

197 449 307 479 nues
347 450 426 496 per
469 436 684 483 ambitum
734 436 955 483 inducunt
998 436 1170 483 tunicas
1201 454 1212 482 :
1272 447 1403 499 atque
1447 454 1472 483 a

198 505 350 552 medio
399 507 658 557 internodio
693 528 794 558 cum
828 510 1072 573 plurimum
1103 511 1307 559 desinunt
1334 510 1475 559 vesti-

198 596 278 638 re,
315 583 724 648 procumbuntque.
776 587 930 632 Latera
964 586 1173 632 arundini
1211 586 1475 649 calamoque

200 651 249 699 in
293 655 567 703 rotunditate
616 657 719 704 bina
743 692 756 715 ,
788 657 916 721 super
956 658 1104 704 nodos
1142 658 1315 704 alterno
1361 657 1477 704 sem-

201 744 282 790 per
316 728 497 793 inguine
517 766 531 788 ,
565 745 616 778 ut
649 732 837 779 alterum
876 733 931 778 ad
968 733 1125 779 dextra
1155 731 1256 790 fiat,
1291 733 1477 779 alterum

199 797 430 862 superiore
450 802 661 865 geniculo
683 803 738 849 ad
775 803 892 849 laeva
910 820 990 866 per
1020 803 1158 851 vices.
1191 804 1296 851 Inde
1315 816 1479 851 exeunt

201 873 446 938 aliquando
474 877 612 934 rami,
632 876 710 939 qui
741 875 841 923 sunt
871 877 1028 924 calami
1057 889 1227 923 tenues.

263 948 425 996 LXVI.
461 950 595 998 Plura
624 964 770 998 autem
807 969 981 1016 genera.
1015 951 1116 997 Alia
1144 950 1348 1013 spiffior,
1371 949 1482 996 den-

205 1021 384 1083 fiorque
416 1023 632 1085 geniculis
653 1061 666 1083 ,
697 1025 911 1072 brevibus
946 1025 1228 1071 internodiis.
1277 1024 1379 1070 Alia
1409 1040 1482 1069 ra-

205 1093 302 1138 rior
318 1129 331 1151 ‚
349 1093 615 1156 majoribus:
635 1098 907 1161 tenuiorque
931 1099 980 1144 &
1007 1096 1112 1160 ipsa.
1130 1096 1340 1144 Calamus
1367 1113 1482 1143 vero

206 1165 317 1213 alius
343 1179 466 1215 totus
489 1186 743 1228 concavus,
759 1187 891 1234 quem
912 1169 1157 1233 syringiam
1176 1180 1374 1227 vocant,
1392 1170 1486 1216 uti-

205 1238 389 1288 lifflmus
415 1241 592 1302 fistulis,
611 1244 827 1307 quoniam
852 1243 965 1289 nihil
985 1243 1046 1308 est
1067 1243 1107 1289 ei
1133 1242 1401 1306 cartilaginis
1419 1252 1486 1288 at-

207 1329 295 1375 que
326 1316 483 1364 carnis.
532 1317 871 1364 Orchomenius
900 1317 961 1364 est
1001 1317 1226 1364 continuo
1264 1314 1487 1363 foramine

210 1386 418 1447 pervius,
439 1406 572 1451 quem
589 1390 829 1437 auleticum
849 1401 1046 1436 vocant:
1068 1389 1142 1437 hic
1166 1388 1287 1436 tibiis
1306 1388 1488 1446 utilior,

212 1455 370 1506 fistulis
402 1459 490 1507 ille.
527 1461 600 1507 Est
625 1462 734 1508 alius
767 1463 974 1509 crafiiore
1007 1461 1161 1524 ligno,
1191 1464 1241 1509 &
1267 1461 1390 1507 tenui
1417 1459 1492 1507 fo·-

215 1531 384 1577 ramine
399 1568 412 1589 ‚
432 1531 554 1578 hunc
574 1544 721 1579 totum
748 1532 939 1597 fungosa
957 1534 1099 1596 replet
1125 1533 1330 1579 medulla.
1363 1532 1492 1580 Alius

216 1603 428 1662 brevior,
450 1605 560 1653 alius
579 1606 817 1668 procerior
831 1643 845 1665 ‚
867 1606 1057 1665 exilior,
1080 1607 1364 1670 crassiorque.
1387 1609 1493 1653 Fru„

215 1676 518 1736 ticofiffimus‚
541 1680 619 1742 qui
648 1693 842 1726 vocatur
870 1679 1021 1726 donax
1037 1715 1050 1737 ,
1073 1696 1169 1725 non
1188 1679 1270 1725 nifi
1289 1679 1336 1725 in
1357 1696 1495 1742 aqua-

218 1750 319 1798 ticis
351 1763 510 1799 natus:
542 1754 757 1816 quoniam
782 1757 832 1802 &
857 1755 953 1801 haec
983 1752 1233 1799 differentia
1264 1752 1353 1799 est:
1376 1753 1496 1799 mul-

220 1834 315 1869 tum
349 1825 530 1887 praelata
564 1827 810 1886 arundine,
854 1844 955 1891 qua:
992 1826 1038 1872 in
1066 1825 1191 1873 siccis
1235 1825 1494 1889 proveniat.

220 1895 359 1942 Suum
392 1913 528 1960 genus
563 1898 788 1962 sagittario
832 1899 1004 1946 calamo
1026 1936 1041 1956 ‚
1071 1909 1123 1944 ut
1161 1897 1386 1944 diximus:
1425 1896 1498 1943 sed

224 1968 409 2015 Cretico
456 1970 715 2035 longiffimis
763 1972 1060 2030 internodiis,
1108 1970 1497 2035 obstquenfique,
1537 2011 1539 2013 .

223 2058 315 2104 quo
355 2043 488 2091 libeat
525 2045 671 2102 flecti,
710 2046 933 2094 calefacto.
987 2045 1278 2094 Differentias
1324 2043 1499 2091 facitmt

225 2117 274 2162 &
307 2115 415 2162 folia
451 2134 546 2164 non
580 2118 892 2177 multitudine,
921 2136 1082 2166 verum
1112 2120 1162 2165 &
1192 2117 1363 2164 colore.
1406 2119 1499 2163 Va-

225 2187 291 2234 ria
322 2189 588 2248 Laconicis,
634 2193 683 2239 &
712 2191 767 2237 ab
799 2193 888 2239 ima
920 2204 1046 2255 par-te
1084 2189 1316 2248 densiora,
1349 2188 1499 2252 quales

226 2260 274 2306 in
299 2271 446 2307 totum
477 2262 595 2309 circa
622 2263 771 2327 stagna
803 2263 927 2327 gigni
956 2274 1142 2325 putant,
1163 2261 1387 2308 diffimiles
1408 2277 1500 2306 am-

230 2332 369 2391 nicis,
401 2333 631 2398 longisque
655 2336 810 2381 vestiri
834 2335 999 2383 tunicis
1016 2371 1029 2392 ,
1062 2334 1293 2397 spatiosius
1323 2351 1347 2380 a
1374 2332 1501 2378 nodo

232 2404 468 2452 scandente
494 2407 749 2470 complexu.
784 2406 858 2452 Est
893 2408 941 2453 &
976 2405 1159 2468 obliqua
1184 2404 1381 2460 arundo,
1406 2418 1501 2447 non

231 2478 279 2526 in
316 2480 609 2529 excelsitatem
638 2480 847 2541 nascens,
877 2480 950 2528 sed
971 2479 1097 2543 juxta
1134 2491 1297 2528 terram
1329 2476 1502 2523 fruticis
