1653 2797
193 163 224 206 4
437 146 492 192 C.
544 145 808 191 PL1N11
857 145 1224 194 SECUNDI

194 253 394 316 publicas
422 252 580 298 mundi
599 287 612 310 ,
640 252 899 299 invenerit?
942 252 1168 300 Nimirum
1203 252 1277 299 alii
1303 252 1473 303 subiere

192 328 330 384 ritus,
355 326 563 389 circaque
597 325 682 372 alia
710 338 879 372 mentes
913 325 1149 373 hominum
1184 327 1437 374 detinentur
1457 364 1472 386 ,

194 402 244 447 &
272 399 473 446 avaritiae
503 410 676 445 tantum
709 412 822 446 artes
852 399 1079 447 coluntur.
1121 401 1264 447 Antea
1294 400 1474 448 inclufis

191 473 391 537 gentium
420 472 618 534 imperiis
643 472 760 518 intra
792 471 902 535 ipsas
918 508 931 531 ,
962 472 1155 536 ideoque
1177 475 1228 521 ὅ(
1252 473 1442 537 ingeniis
1458 509 1477 532 ,

190 546 380 610 quadam
405 545 629 593 sterilitate
652 544 871 603 fortunae,
891 545 1059 592 neceffe
1081 558 1174 592 erat
1196 546 1333 592 animi
1351 546 1474 592 bona

192 634 401 665 exercere
425 636 436 664 :
472 617 679 680 regesque
709 617 934 663 innumeri
964 617 1141 664 honore
1169 618 1330 665 artium
1353 618 1474 665 cole-

191 692 383 748 bantur,
412 693 461 738 &
484 691 531 736 in
558 690 857 736 ostentatione
884 690 961 737 has
992 690 1286 753 praeferebant
1305 709 1475 754 opum,

193 764 574 810 immortalitatem
600 763 675 808 fibi
702 781 781 824 per
809 763 905 809 illas
931 764 1171 827 prorogari
1198 765 1476 812 arbitrantes.

194 839 350 897 Quare
372 835 651 882 abundabant
679 837 728 882 &
748 835 931 897 praemia
946 871 959 893 ‚
980 837 1030 883 &
1053 852 1204 899 operae
1232 836 1352 883 vitae.
1385 837 1478 883 Po-

194 909 317 955 steris
351 908 505 955 laxitas
544 907 704 952 mundi
742 909 791 954 &
832 924 979 954 rerum
1017 909 1267 970 amplitudo
1308 909 1477 955 damno

193 981 310 1028 fuit:
342 981 580 1044 postquam
612 980 801 1025 Senator
835 979 969 1027 censu
994 980 1079 1044 legi
1104 994 1311 1044 coeptuS,
1342 981 1478 1042 judex

191 1053 288 1101 fieri
307 1054 460 1111 censu,
474 1053 773 1117 magistratum
791 1053 1039 1116 ducemque
1059 1054 1173 1100 nihil
1193 1055 1331 1118 magis
1351 1071 1478 1101 exor-

192 1145 332 1187 nare,
364 1144 498 1191 quam
531 1126 716 1173 census:
748 1127 983 1189 postquam
1016 1144 1196 1189 coepere
1229 1129 1398 1176 orbitas
1427 1129 1479 1175 in

192 1202 456 1250 auctoritate
476 1201 645 1247 summa
663 1202 712 1245 δί
731 1199 933 1260 potentia
951 1199 1057 1258 effe,
1078 1200 1274 1261 captatio
1295 1201 1343 1246 in
1358 1218 1480 1264 quae-

192 1275 260 1321 stu
280 1273 574 1329 fertiliflimo,
594 1288 645 1318 ac
680 1271 767 1317 {cla
795 1270 957 1334 gaudia
985 1271 1033 1316 in
1057 1272 1349 1334 poffidendo:
1379 1272 1480 1336 pes-

192 1348 288 1395 sum
308 1348 408 1408 ‘iere
440 1347 550 1394 vitae
579 1345 751 1409 pretia:
794 1343 1036 1408 omnesque
1063 1362 1087 1392 a
1112 1345 1312 1392 maximo
1349 1347 1482 1394 bono

194 1421 397 1469 liberales
433 1420 559 1466 dictae
593 1430 736 1477 artes,
766 1418 814 1464 in
853 1418 1130 1466 contrarium
1165 1418 1396 1479 cecidere,
1427 1436 1484 1467 ae

195 1495 406 1543 servitute
428 1493 519 1540 sola
539 1492 704 1556 profici
733 1504 948 1555 coeptum.
979 1494 1109 1540 Hanc
1133 1493 1245 1540 alius
1263 1493 1354 1540 alio
1376 1511 1482 1542 mos.-

196 1569 282 1626 do,
312 1569 362 1615 &
396 1567 444 1612 in
475 1566 572 1613 aliis
604 1566 822 1612 adorare:
863 1565 1023 1612 eodem
1053 1578 1202 1612 tamen
1221 1601 1235 1624 ,
1263 1566 1483 1613 habendi-

195 1657 283 1706 que
305 1639 360 1687 ad
391 1639 512 1703 spes,
543 1639 747 1686 omnium
776 1639 986 1685 tendente
1019 1650 1152 1687 voto.
1188 1638 1342 1686 Paffim
1365 1656 1484 1688 vero

198 1714 332 1760 etiam
367 1712 531 1776 egregii
557 1711 699 1759 aliena
719 1711 860 1770 vitia,
886 1729 1020 1775 quam
1050 1712 1172 1758 bona
1202 1711 1304 1771 sua,
1331 1712 1484 1760 colere

198 1785 344 1833 malle.
387 1787 507 1848 Ergo
533 1783 735 1830 hercules
762 1783 974 1846 voluptas
1005 1784 1165 1832 vivere
1198 1784 1362 1846 coepit,
1385 1784 1483 1831 vita

201 1858 293 1922 ipsa
317 1857 456 1905 desiit.
484 1857 570 1903 Sed
592 1873 677 1903 nos
698 1855 934 1902 obliterata
954 1873 1136 1920 quoque
1159 1855 1452 1903 scrutabimur
1469 1872 1484 1902 z

202 1948 286 1977 nec
320 1929 558 1976 deterrebit
589 1928 867 1992 quarundam
907 1945 1057 1975 rerum
1094 1928 1345 1987 humilitaS,
1374 1929 1485 1976 ficut

201 2020 285 2050 nec
318 2003 367 2049 in
394 2000 658 2048 animalibus
691 1999 809 2048 fecit.
847 2001 1120 2065 Quanquam
1149 2001 1355 2049 videmus
1379 2001 1486 2047 Vir-

203 2075 360 2139 gilium
394 2073 846 2138 praecellentiffimum
871 2086 1044 2134 vatem,
1074 2091 1125 2121 ea
1146 2075 1199 2120 de
1229 2071 1355 2120 causa
1374 2072 1487 2119 hor-

204 2160 360 2195 torum
393 2147 520 2194 dotes
551 2146 731 2211 fugisse:
761 2147 810 2193 &
834 2164 858 2193 e
885 2147 1044 2205 tantis,
1070 2165 1172 2211 quae
1198 2146 1380 2206 retulit,
1401 2146 1487 2193 flo-

206 2238 275 2269 res
316 2222 456 2269 modo
493 2237 645 2268 rerum
682 2220 966 2283 decerpsisse,
1001 2220 1179 2267 beatum
1222 2219 1486 2282 felicemque

207 2294 384 2357 gratiae,
408 2309 482 2340 XV
516 2293 707 2341 omnino
733 2293 966 2355 generibus
999 2310 1190 2339 uvarum
1215 2290 1485 2347 nominatis,

208 2366 348 2412 tribus
379 2368 492 2413 oleae
508 2403 522 2425 ,
548 2366 736 2412 totidem
766 2365 970 2427 pirorum
992 2401 1004 2419 ,
1028 2365 1149 2412 malo
1175 2380 1289 2416 vero
1312 2374 1493 2412 tantum.

211 2438 422 2503 Assyrio,
451 2439 607 2489 ceteris
644 2438 852 2486 omnibus
885 2438 1106 2502 neglecti&
