1653 2797
223 186 507 234 NATUR.
546 184 844 231 HISTOR.
877 184 999 230 LIB.
1037 183 1246 231 XVIII.
1312 184 1407 244 287

129 319 287 363 mune,
307 303 508 351 lucentes
528 299 712 362 vespere
734 316 813 361 per
840 316 950 345 arva
975 299 1218 346 cicindelae.
1250 302 1314 346 Ita
1331 317 1409 362 ap-

130 377 301 441 pellant
333 374 482 422 rustici
504 372 724 418 stellantes
744 370 928 416 volatus
944 406 957 428 ‚
987 372 1138 419 Graeci
1158 388 1272 419 vero
1299 372 1411 419 lam..

136 452 350 516 pyi‘idas,
384 445 635 495 incredibili
670 444 942 507 benignitate
979 456 1161 492 naturae.

196 525 373 571 LXVII.
417 538 452 566 1.
485 521 579 567 Jam
597 518 815 581 Vergilias
847 517 894 562 in
933 517 1047 563 caelo
1081 519 1301 567 notabiles
1334 538 1410 567 ca-

131 610 258 644 terva
293 593 483 640 fecerat:
518 608 616 637 non
644 603 794 637 tamen
814 589 882 635 his
914 601 1156 648 contenta,
1188 594 1411 641 terrestres

133 668 240 716 fecit
273 665 378 713 alias
399 701 413 723 ‚
436 663 582 711 veluti
607 661 895 710 vociferans:
933 662 1028 708 Cur
1056 663 1213 710 caelum
1240 665 1412 714 intuea-

131 741 193 788 ris
226 738 461 803 agricola?
517 754 596 783 cur
635 736 770 782 fidera
807 751 976 798 quaeras
1012 735 1207 782 rustice?
1248 739 1336 784 iam
1368 751 1414 786 te

131 813 346 862 breviore
371 811 533 858 somno
563 809 718 856 feffum
747 820 956 871 premunt
978 809 1144 855 ηοξὶες.
1180 811 1297 856 Ecce
1331 811 1414 857 tibi

134 888 252 934 inter
276 885 436 933 herbas
469 897 565 931 tuas
589 882 749 946 spargo
780 882 1027 944 peculiares
1052 880 1224 942 stellas,
1256 883 1416 948 easque

138 961 324 1023 vespere
356 960 407 1006 &
441 958 497 1003 ab
531 973 668 1019 opere
707 956 978 1020 disjungenti
1014 956 1228 1004 ostendo:
1269 975 1321 1005 ac
1358 975 1416 1005 ne

135 1033 268 1097 poffis
286 1031 514 1095 praeterire
528 1067 541 1088 ‚
561 1030 782 1076 miraculo
811 1029 1019 1076 sollicito.
1047 1029 1238 1075 Videsne
1257 1041 1307 1076 ut
1330 1030 1414 1076 ful-

137 1121 221 1170 gor
250 1104 342 1167 igni
371 1103 523 1149 similis
555 1102 723 1148 alarum
748 1102 998 1164 compressu
1019 1113 1219 1165 tegatur,
1242 1103 1416 1151 secum*-

135 1195 226 1242 que
259 1178 405 1224 lucem
431 1177 592 1223 habeat
626 1179 675 1224 &
702 1175 869 1222 nocte?
901 1173 1022 1222 Dedi
1046 1176 1128 1222 tibi
1159 1176 1314 1223 herbas
1331 1177 1416 1224 ho-

139 1266 290 1297 rarum
312 1249 512 1296 indices:
551 1251 601 1296 &
630 1260 680 1294 ut
705 1264 762 1294 ne
788 1247 892 1293 Sole
921 1247 1099 1310 quidem
1126 1248 1287 1295 oculos
1314 1261 1419 1297 tuos

139 1340 166 1369 a
194 1335 310 1369 terra
331 1337 498 1368 avoces
515 1357 529 1378 ‚
562 1319 889 1382 heliotropium
915 1335 966 1365 ac
1002 1318 1206 1382 lupinum
1229 1321 1420 1368 circum-

142 1407 336 1459 aguntur
365 1412 466 1442 cum
493 1394 588 1441 illo.
622 1394 717 1439 Cur
752 1392 882 1439 etiam
915 1403 1037 1441 nunc
1065 1393 1196 1439 altius
1229 1394 1419 1456 speclas,

144 1469 378 1534 ipsumque
399 1469 559 1516 caelum
579 1467 783 1519 scrutaris
804 1467 821 1513 ?
850 1467 998 1514 Habes
1018 1478 1119 1512 ante
1149 1467 1282 1529 pedes
1316 1480 1420 1516 tuos

143 1560 250 1590 ecce
276 1543 506 1606 Vergilias.
542 1544 592 1587 In
627 1541 758 1588 certis
803 1556 865 1585 eae
907 1539 1062 1586 diebus
1104 1540 1385 1602 proveniunt
1406 1578 1420 1600 ‚

144 1617 398 1679 durantque
428 1615 599 1661 foedere
628 1614 778 1660 sideris
805 1611 1014 1674 hujusce:
1049 1625 1314 1678 partumque
1349 1633 1421 1663 eas

144 1689 262 1735 illius
283 1689 366 1735 effe
385 1700 555 1735 certum
579 1688 652 1733 est.
675 1686 870 1735 Proinde
887 1685 1086 1749 quisquis
1105 1686 1284 1734 aestivos
1302 1688 1423 1736 fruc-

146 1774 219 1809 tus
250 1774 352 1809 ante
386 1761 483 1808 illas
516 1760 710 1817 severit,
746 1758 836 1822 ipse
867 1757 1150 1804 frustrabitur
1183 1759 1282 1806 sese.
1317 1762 1422 1808 Hoc

147 1835 395 1882 intervallo
427 1836 478 1881 &
508 1833 682 1897 apicula
710 1831 958 1895 procedens
987 1831 1135 1877 fabam
1160 1831 1322 1879 florere
1350 1834 1420 1879 in·

147 1909 296 1954 dicat:
326 1908 515 1971 fabaque
547 1906 787 1953 florescens
817 1922 912 1951 eam
934 1916 1112 1951 evocat.
1153 1905 1349 1952 Dabitur
1375 1909 1425 1953 &

151 1980 274 2026 aliud
304 1978 418 2025 finiti
448 1979 627 2042 frigoris
654 1978 882 2024 indicium.
919 1979 1036 2024 Cum
1071 1979 1319 2041 germinare
1349 1981 1423 2027 vi—

152 2055 269 2100 deris
318 2071 499 2101 morum
518 2090 533 2112 ,
584 2051 794 2115 injuriam
841 2051 993 2114 postea
1042 2050 1221 2115 frigoris
1267 2054 1425 2101 timere

155 2122 319 2174 nolito·

224 2215 265 2246 2.
299 2202 418 2264 Ergo
445 2213 583 2262 opera
602 2233 615 2256 ‚
648 2196 784 2243 taleas
818 2194 1043 2244 olivarum
1071 2213 1269 2259 ponere,
1293 2197 1425 2262 ipsas-

155 2289 244 2336 que
276 2271 398 2318 oleas
424 2272 718 2327 interradere‚
744 2269 883 2333 rigare
906 2281 1027 2331 prata
1055 2271 1315 2332 aequinoffli
1337 2271 1428 2317 die-

155 2347 236 2392 bus
270 2345 438 2407 primis.
474 2346 590 2391 Cum
613 2343 747 2390 herba
780 2342 976 2390 creverit
1006 2343 1052 2388 in
1082 2342 1319 2401 festucam,
1356 2361 1428 2390 ar-

159 2435 259 2465 cere
290 2434 457 2476 aquas:
489 2418 644 2464 vineas
671 2418 944 2479 pampinare.
980 2417 1034 2461 Et
1069 2417 1176 2462 huic
1211 2417 1283 2462 lex
1318 2415 1391 2463 sua
1412 2454 1428 2474 ,

156 2509 261 2539 cum
283 2491 481 2555 pampini
501 2501 692 2553 quatuor
724 2489 887 2554 digitos
907 2489 1189 2552 longitudine
1210 2489 1426 2551 expleve-
