1653 2797
244 140 333 186 372
507 117 1293 168 CPMNIISECUNDI*

244 246 313 278 tus
349 247 436 277 una
462 230 620 277 noste:
656 227 839 292 postero
863 228 934 275 die
954 227 1167 275 inciditur
1185 228 1418 277 arundine.
1445 230 1519 278 Se·

241 323 343 352 men
377 306 566 368 quoque*
593 303 744 352 cinere
771 303 1111 368 conspergitur,
1145 304 1201 351 ad
1226 302 1520 354 coercendam

240 379 357 425 succi
390 379 738 425 abundantiam:
769 378 846 442 qui
877 380 1102 442 expressus
1139 378 1372 442 suscipitur
1406 395 1521 442 aqua

237 450 427 510 aelesti,
455 464 587 514 atque
613 449 822 497 subsidit:
860 451 1020 498 deinde
1044 450 1148 498 Sole
1176 451 1352 515 cogitur
1379 451 1427 498 in
1447 468 1520 515 pa-

239 521 406 581 stillos,
434 523 490 569 ad
508 539 694 586 magnos
721 522 980 569 mortalium
998 522 1112 570 usus.
1149 523 1453 571 Obscuritates
1470 525 1523 572 &

242 594 354 641 vitia
384 595 627 642 oculorum
660 593 806 653 sanat,
844 611 1146 658 genarumque
1173 594 1369 644 hulcera.
1403 597 1521 643 Tra-

240 670 353 715 dunt
374 669 464 716 hoc
493 668 628 716 succo
649 667 773 714 tactis
794 667 1017 714 radicibus
1047 667 1208 714 vitium
1226 704 1242 725 ,
1269 684 1364 715 non
1387 669 1520 716 attin-

238 743 283 806 gi
300 759 413 789 uvas
432 742 487 788 ab
508 742 682 788 avibus.
710 739 857 785 Radix
883 752 1029 786 autem
1048 756 1105 785 ex
1135 751 1264 786 aceto
1290 742 1417 788 cocta
1436 757 1520 805 po·

240 817 384 880 dagris
403 815 590 861 illinitur
607 849 621 872 ,
645 812 871 877 succoque
901 812 1105 859 dentium
1131 811 1284 859 dolori
1301 813 1521 869 medetur,

241 891 375 937 Arida
394 906 498 936 cum
516 887 658 934 resina
674 886 982 952 impetiginem
1003 889 1052 934 &
1071 884 1282 944 scabiem,
1300 878 1400 950 qu'ae
1419 886 1522 950 pso-

238 981 334 1009 ram
357 960 618 1009 &lichenas
638 970 844 1024 vocantu,
881 958 1105 1022 parotidas
1134 960 1184 1006 &
1210 975 1354 1022 panos
1373 958 1520 1019 sanat,

237 1038 290 1082 ἓζ
323 1033 604 1081 cicatricibus
632 1032 837 1087 colorem
855 1031 1019 1095 redditi
1043 1033 1100 1087 Et
1128 1031 1350 1078 foliorum
1366 1031 1522 1080 succus

238 1108 422 1154 auribus
454 1106 594 1153 surdis
616 1122 718 1153 cum
744 1118 872 1171 aceto
895 1103 1147 1152 instillatur.

305 1183 375 1228 111.
395 1179 594 1226 Elaterio
615 1178 907 1241 tempestivus
926 1176 987 1224 est
1006 1190 1226 1241 autumno
1240 1197 1262 1241 εἰ
1275 1195 1358 1226 nec
1378 1178 1520 1226 ullum

238 1269 296 1298 ex
325 1250 661 1297 medicamentis
676 1248 885 1312 longiore
903 1265 1008 1296 aevo
1036 1250 1190 1303 durat..
1211 1250 1373 1313 Incipit
1393 1267 1419 1296 a
1436 1250 1522 1297 tri-—

239 1337 376 1372 matu.
407 1323 453 1370 Si
472 1323 573 1388 quis
592 1323 844 1369 recentiore
863 1321 929 1367 uti
951 1321 1087 1382 velit,
1107 1321 1305 1385 pastillos
1323 1322 1370 1368 in
1387 1338 1521 1387 ‚nolvo

241 1396 366 1443 first-ili
391 1395 493 1459 igne
527 1395 653 1441 lento
675 1394 722 1440 in
753 1405 883 1441 aceto
903 1392 1070 1441 domet.
1105 1394 1267 1441 Melius
1283 1430 1298 1453 ‚
1329 1411 1422 1458 quo
1442 1410 1523 1442 ve·

241 1468 425 1522 tustius:
462 1467 637 1531 fuitque
669 1466 759 1528 jam
791 1466 996 1513 ducentis
1033 1467 1161 1513 annis
1186 1466 1438 1526 servatum,
1471 1479 1523 1513 ut

242 1541 398 1587 auctor
427 1539 487 1584 est
506 1538 855 1600 Theophrastus.
890 1539 946 1585 Et
973 1539 1110 1603 usque
1127 1540 1183 1586 ad
1205 1539 1522 1604 quinquagesi-

241 1632 366 1661 mum
386 1612 671 1659 lucernarum
689 1611 858 1658 lumina
881 1612 1132 1676 exstinguit.
1161 1615 1265 1660 Hoc
1284 1614 1403 1660 enim
1424 1613 1523 1662 veri

243 1687 601 1750 experimentum
625 1684 712 1739 est,
736 1683 767 1729 fi
793 1683 1025 1730 admotum
1053 1683 1175 1747 prius
1190 1701 1327 1748 quam
1353 1684 1522 1731 exstin—

243 1771 371 1823 guat,
403 1756 642 1805 scintillare
674 1755 842 1802 sursum
875 1772 927 1802 ac
961 1755 1166 1802 deorsum
1198 1768 1344 1820 cogat.
1388 1755 1524 1803 Palli-

244 1834 351 1880 dum
377 1849 429 1879 ac
451 1831 571 1879 laeve
591 1830 815 1877 herbaceo
834 1847 886 1876 ac
911 1828 1067 1877 scabro
1085 1828 1267 1888 melius,
1293 1847 1346 1876 ac
1365 1829 1524 1877 leniter

242 1922 456 1952 amarum.
490 1904 652 1950 Putant
675 1914 923 1966 conceptus
949 1902 1186 1966 adalligato
1216 1901 1381 1962 semine
1399 1900 1523 1965 adju-

246 1979 343 2027 vari
362 2016 374 2037 ‚
406 1978 437 2025 si
468 1990 628 2025 terram
658 1994 754 2024 non
784 1976 992 2040 attigerit.
1040 1977 1195 2023 Partus
1231 1993 1374 2035 vero,
1414 1977 1447 2022 fi
1468 1977 1523 2027 >in

244 2053 392 2099 arietis
420 2052 519 2098 lana
538 2051 760 2114 alligatum
786 2050 1011 2097 inscientis
1036 2049 1196 2095 lumbis
1218 2048 1374 2110 fuerit,
1394 2051 1456 2096 ita
1475 2061 1524 2096 ut

244 2126 452 2188 protinus
480 2123 532 2169 ab
558 2123 696 2168 enixu
729 2124 923 2185 rapiatur
942 2136 1068 2169 extra
1095 2123 1296 2169 domum.

295 2197 458 2261 'Ipsum
487 2195 713 2242 cucumim
745 2195 823 2260 qui
862 2194 1178 2258 magnificant,
1210 2193 1329 2242 nasci
1358 2194 1521 2258 praeci-

204 2300 212 2310 ·
244 2285 384 2332 puum
425 2269 471 2314 in
503 2267 665 2313 Arabia
686 2304 699 2326 ,
735 2284 845 2313 mox
875 2269 923 2314 in
953 2265 1169 2327 Arcadia,
1213 2268 1412 2332 Cyrenis
1446 2267 1522 2314 alii

244 2343 426 2388 tradunt
443 2377 457 2399 ‚
480 2340 665 2386 similem
697 2340 976 2403 heliotropio
995 2377 1009 2398 ‚
1039 2339 1166 2403 cujus
1197 2339 1313 2388 inter
1337 2338 1444 2386 solia
1473 2341 1523 2387 &

246 2429 394 2458 ramos
415 2411 658 2474 provenire
689 2413 996 2475 magnitudine
1020 2411 1147 2461 nucis
1171 2410 1406 2479 juglandis.
1442 2413 1521 2458 Se-
