1653 2797
254 145 345 210 336
513 143 565 188 c,
614 140 868 187 PL1N11
913 141 1277 189 SECUNDI

251 254 473 301 dulciores
508 248 629 295 fiant.
667 248 881 295 Cras-:unt
910 265 997 312 qua
1030 260 1253 312 coguntur
1277 247 1436 295 forma.
1475 249 1524 294 111

250 327 371 375 Italia
394 324 584 378 viride&
605 324 656 370 &
672 339 806 385 quam
825 322 1027 367 minimi:
1051 323 1098 367 in
1118 321 1370 384 provinciis
1391 337 1522 385 quam

245 398 458 451 maximi:
493 399 544 443 &
567 395 734 453 cerini,
762 407 839 441 aut
862 395 991 458 nigri.
1026 395 1208 442 Placent
1235 393 1521 458 copiosiffimi

245 472 436 529 Africae,
459 467 728 533 grandiflimi
750 468 952 514 Moefiae:
981 486 1082 515 cum
1105 468 1411 532 magnitudine
1439 485 1520 513 ex-

245 547 435 603 cessere,
469 559 666 606 pepones
688 554 927 588 vocantur.
960 543 1136 589 Vivunt
1171 542 1311 588 hausti
1344 543 1392 588 in
1425 541 1518 588 sto-

239 622 402 668 macho
432 621 478 665 in
508 618 734 682 posterum
770 617 886 662 diem
905 652 919 674 ‚
955 634 1038 663 nec
1068 617 1222 679 perfici
1259 629 1432 680 queunt
1469 617 1517 662 in

239 694 372 750 cibis,
403 709 498 738 non
530 689 770 736 insalubres
803 700 950 734 tamen
976 687 1229 750 plurimum.
1267 690 1436 735 Natura
1457 704 1513 734 o-

236 767 357 813 leum
385 767 520 812 odere
549 763 686 808 mire:
727 777 811 807 nec
843 761 990 806 minus
1018 777 1150 824 aquas
1179 761 1380 825 diligunt.
1418 762 1512 808 De-

236 840 337 886 secti
368 854 551 901 quoque
586 835 641 880 ad
683 851 755 880 eas
796 834 975 880 modice
1015 833 1219 881 distantes
1261 835 1510 897 adrepunt:

235 926 308 959 aut
335 913 363 957 fi
387 910 494 975 quid
519 908 691 966 obstet,
712 907 828 955 verfi
851 907 1127 968 pandantur,
1153 919 1508 970 curvanturque:

233 987 278 1032 id
308 984 381 1030 vel
405 1000 493 1029 una
524 981 655 1027 noste
685 980 1064 1043 deprehenditur,
1093 981 1124 1026 fi
1154 998 1233 1028 vas
1252 986 1374 1029 'cum
1395 997 1509 1043 aqua

233 1056 489 1118 subjiciatur
507 1072 531 1100 a
552 1064 745 1117 quatuor
765 1052 1010 1116 digitorum
1030 1053 1273 1100 intervallo
1288 1089 1302 1112 ‚
1322 1052 1506 1099 descen-

230 1128 436 1176 dentibus
465 1138 566 1172 ante
601 1125 828 1188 posterum
859 1126 1001 1172 diem:
1031 1137 1075 1172 at
1097 1125 1129 1171 fi
1164 1126 1314 1172 oleum
1343 1126 1504 1171 eodem

229 1202 370 1250 modo
397 1201 471 1258 sit,
492 1200 538 1244 in
557 1199 713 1245 hamos
745 1199 955 1245 curvatis.
988 1199 1122 1245 Iidem
1153 1200 1200 1244 in
1229 1197 1370 1244 fistula
1389 1197 1501 1245 flore

228 1274 411 1321 demiffo
429 1309 442 1330 ,
461 1272 572 1318 mira
594 1271 873 1334 longitudine
899 1270 1115 1318 crescunt.
1146 1273 1264 1318 Ecce
1283 1288 1387 1318 cum
1404 1289 1500 1318 ma-

226 1351 347 1395 xime
381 1364 507 1393 nova
548 1346 696 1392 forma
738 1363 896 1392 eorum
928 1347 974 1391 in
1005 1346 1250 1410 Campania
1284 1346 1500 1409 provenit

221 1423 325 1471 mali
359 1421 546 1469 cotonei
587 1421 744 1484 effigie.
787 1424 919 1467 Forte
954 1420 1105 1482 primo
1142 1432 1295 1467 natum
1325 1421 1385 1467 ita
1415 1438 1496 1466 au—

221 1496 299 1543 dio
330 1512 501 1541 unum:
533 1510 643 1540 mox
668 1493 830 1539 semine
849 1510 905 1539 ex
930 1494 1010 1539 illo
1031 1510 1168 1557 genus
1193 1493 1354 1540 saecum
1374 1511 1383 1539 :
1405 1509 1495 1538 me-

218 1571 473 1632 lopeponas
506 1577 691 1611 vocant.
722 1567 831 1609 Non
861 1566 1057 1626 pendent
1076 1566 1145 1623 hi,
1168 1565 1241 1612 sed
1269 1565 1391 1610 humi
1414 1580 1491 1609 ro-

217 1643 473 1689 tundantur.
502 1639 665 1684 Mirum
690 1638 735 1682 in
760 1637 827 1684 his
842 1673 855 1694 ,
876 1650 1036 1699 praeter
1056 1637 1243 1699 figuram
1264 1636 1490 1682 colorem·

216 1730 332 1777 que,
353 1715 403 1759 &
423 1710 638 1767 odorem,
666 1708 790 1771 quod
816 1710 1112 1755 maturitatem
1138 1707 1318 1771 adepti,
1347 1724 1487 1771 quan-

215 1802 351 1850 quam
377 1800 473 1829 non
502 1782 745 1846 pendentes
763 1817 777 1838 ‚
801 1781 944 1827 statim
971 1799 995 1827 a
1016 1781 1224 1844 pediculo
1257 1781 1484 1827 recedunt.

211 1854 466 1903 Columella
492 1853 618 1899 suum
650 1852 779 1899 tradit
810 1866 1114 1899 commentum
1129 1886 1144 1910 ‚
1165 1864 1213 1897 ut
1237 1863 1340 1897 toto
1361 1868 1483 1898 anno

211 1926 492 1990 contingant.
538 1924 761 1972 Fruticem
797 1924 900 1970 rubi
937 1941 1071 1988 quam
1104 1923 1394 1973 vastissimum
1436 1922 1482 1970 in

210 2001 413 2063 apricum
446 1999 599 2046 locum
629 1997 895 2055 transferre,
921 1999 973 2044 &
1001 1997 1218 2053 recidere,
1243 1995 1381 2041 duum
1411 1996 1482 2042 di-

209 2074 406 2137 gitorum
431 2070 581 2116 reliCta
607 2069 766 2132 stirpe,
797 2069 911 2116 circa
925 2085 1114 2116 vernum
1138 2068 1479 2130 aequinoctium:

209 2145 269 2190 ita
303 2144 349 2189 in
377 2141 568 2188 medulla
595 2142 694 2187 rubi
714 2140 876 2187 semine
897 2139 1144 2188 cucumeris
1172 2140 1304 2186 infito
1322 2177 1335 2199 ‚
1357 2152 1480 2189 'terra

207 2217 380 2263 minuta
413 2214 615 2278 fimoque
658 2215 1052 2278 circumaggeratas
1092 2213 1285 2260 refistere
1319 2213 1476 2278 frigori

204 2289 390 2336 radices·
426 2288 727 2334 Cucumerum
747 2288 898 2333 Graeci
917 2286 999 2332 tria
1024 2302 1184 2349 genera
1201 2286 1374 2334 fecere:
1393 2290 1475 2333 La-

206 2361 417 2409 conicum
433 2396 447 2418 ‚
472 2359 746 2424 Scytalicum
765 2396 779 2417 ,
802 2360 1073 2406 Boeoticum.
1108 2362 1175 2406 Ex
1204 2360 1272 2407 his
1298 2372 1472 2407 tantum

205 2435 478 2485 Laconicum
496 2450 607 2498 aqua
625 2434 823 2497 gaudere.
861 2434 971 2480 Sunt
992 2434 1071 2497 qui
1097 2433 1257 2492 herba,
1275 2451 1376 2498 quae
1395 2449 1471 2481 vo-
