1653 2797
267 172 355 221 288
530 170 585 216 C.
633 170 894 216 PLINII
940 171 1317 219 SECUNDI

260 282 365 328 rint.
403 278 633 341 Pampinat
667 270 768 324 una*
785 294 922 341 opera
952 277 1172 342 jugerum.
1204 280 1378 344 Segetes
1402 281 1537 330 itera-

258 370 320 400 re.
363 352 551 398 Sarritur
588 367 703 398 vero
741 351 894 398 diebus
929 353 1106 415 viginti.
1159 353 1228 400 Ab
1263 354 1535 418 aequinofflo

256 426 427 473 sartura
463 441 628 473 nocere
667 427 717 472 ὃς
755 424 902 470 vineae
937 427 986 473 &
1026 425 1158 490 segeti
1191 426 1442 476 aestimatur.
1481 432 1536 477 Et

255 516 373 547 oves
403 498 578 546 lavandi
607 498 698 545 hoc
719 498 836 544 idem
855 511 1029 561 tempus
1049 499 1123 546 est.

324 587 366 632 3.
394 573 435 617 A
457 570 752 633 Vergiliarum
779 581 944 615 exortu
963 570 1212 633 significant
1232 572 1425 631 Caesari,
1447 590 1535 636 po-

255 645 406 692 stridie
433 643 606 690 Ar&i1ri
639 642 821 689 occasus
841 643 1108 690 matutinus:
1138 645 1276 690 tertio
1303 646 1402 692 Idus
1423 646 1534 709 Maji

253 715 467 763 Fidiculae
501 727 703 761 exortus:
739 728 814 759 XII
841 714 1066 759 Kalendas
1090 715 1210 761 Junii
1237 717 1421 779 Capella
1451 736 1534 765 ve-

252 790 370 852 speri
389 789 600 835 occidens
613 823 626 845 ‚
642 789 691 833 &
712 787 759 832 in
778 787 927 834 Attica
944 787 1093 834 Canis.
1115 800 1171 833 Χῐ
1190 788 1413 837 Kalendas
1433 792 1532 838 Cae-

250 863 338 910 sari
372 862 561 909 Orionis
591 861 761 924 gladius
801 861 1009 908 occidere
1041 862 1226 925 incipit:
1262 863 1531 912 tertioNo-

251 952 332 982 nas
351 933 468 982 Junii
499 933 662 980 Caesari
681 934 730 980 δέ
748 933 937 997 Assyriae
958 935 1121 998 Aquila
1151 934 1327 998 vesperi
1357 937 1529 986 oritur:

250 1009 421 1054 o&avo
448 1007 551 1054 Idus
569 1007 785 1053 Ar&urus
803 1008 1026 1053 matutino
1050 1008 1219 1056 occidit
1237 1027 1248 1056 :
1275 1010 1411 1057 Italiae
1429 1010 1530 1058 sex-

250 1092 302 1126 10
316 1114 330 1137 ‚
353 1080 403 1124 &
423 1090 586 1142 quarto
603 1078 702 1124 Idus
722 1077 976 1140 Delphinus
1001 1078 1175 1141 vesperi
1198 1079 1426 1126 exoritur:
1456 1083 1530 1128 de-

248 1156 372 1202 cimo
395 1153 584 1216 septimo
617 1153 841 1200 Kalendas
871 1154 977 1201 Julii
1012 1154 1181 1218 gladius
1218 1155 1409 1201 Orionis
1431 1156 1529 1204 ori-

247 1242 323 1273 tur
344 1263 358 1285 ,
393 1227 517 1290 quod
544 1227 748 1290 AEgypto
787 1226 888 1288 post
927 1226 1227 1290 quatriduum.
1269 1228 1528 1276 Undecimo

247 1300 501 1357 Kalendas,
521 1298 717 1361 ejusdem
738 1298 926 1345 Orionis
947 1298 1117 1361 gladius
1139 1298 1303 1346 Caesari
1323 1300 1529 1348 occidere

250 1372 423 1435 incipit.
456 1386 551 1419 v111
588 1370 810 1416 Kalendas
843 1369 946 1417 Julii
979 1387 1094 1417 vero
1141 1370 1391 1434 longissima
1432 1373 1527 1420 dies

247 1446 389 1492 totius
409 1445 542 1503 anni,
554 1446 603 1492 &
623 1461 719 1490 nox
737 1443 992 1490 breviffima
1008 1443 1245 1491 solstitium
1263 1440 1526 1494 conficiunt.

313 1535 358 1576 4.
390 1520 439 1564 In
470 1519 562 1564 hoc
588 1517 803 1580 temporis
824 1517 1067 1564 intervallo
1088 1518 1236 1565 vineae
1255 1518 1524 1581 pampinan-

248 1604 352 1650 ων,
386 1604 657 1654 curaturque
699 1603 749 1636 ut
790 1592 925 1637 vinea
969 1602 1101 1637 vetus
1135 1590 1268 1639 semel
1301 1591 1413 1639 foffa
1443 1593 1523 1652 fit,

244 1666 314 1712 bis
344 1664 542 1712 novella.
570 1665 698 1710 Oves
721 1664 992 1709 tondentur:
1022 1662 1228 1725 lupinum
1249 1663 1524 1712 stercorandi

246 1738 375 1784 causa
398 1736 613 1783 vertitur:
648 1748 764 1782 terra
797 1735 1123 1798 proscinditur:
1152 1735 1273 1783 vicia
1300 1737 1347 1782 in
1378 1737 1522 1800 pabu-

244 1813 339 1858 lum
370 1811 543 1859 secatur
563 1828 573 1856 ε
603 1808 703 1856 faba
721 1809 902 1855 metitur
921 1844 935 1867 ‚
964 1808 1066 1854 dein
1089 1809 1364 1856 concutitur.

309 1886 438 1931 Prata
466 1883 585 1930 circa
618 1881 839 1928 Kalendas
873 1879 990 1927 Junii
1025 1881 1288 1938 caeduntur,
1324 1897 1520 1945 quorum

244 1957 455 2005 facillima
485 1954 692 2019 agricolis
721 1970 828 2001 cura
851 1969 903 1999 ac
924 1952 1098 1998 minimi
1131 1952 1381 2014 impendii,
1423 1953 1521 2002 haec

241 2031 298 2077 de
327 2029 370 2077 se
399 2029 594 2092 postulat
627 2026 726 2074 dici.
767 2026 979 2089 Relinqui
1010 2026 1172 2072 debent
1202 2026 1249 2072 in
1281 2025 1386 2074 laeto
1417 2026 1518 2074 solo

242 2104 319 2150 vel
356 2103 543 2149 humido
563 2139 576 2160 ,
600 2101 676 2148 vel
698 2100 830 2164 riguo
849 2137 863 2158 ,
891 2116 1029 2163 eaque
1053 2116 1164 2163 aqua
1192 2098 1348 2160 pluvia
1381 2100 1517 2164 rigari

244 2176 324 2222 via
340 2175 534 2239 publica.
553 2174 841 2222 Utiliflimum
861 2172 986 2218 simul
1003 2174 1051 2219 &
1068 2171 1215 2218 herbae
1229 2189 1374 2231 arare,
1393 2172 1515 2220 dein·-

245 2250 300 2295 de
331 2249 488 2296 cratire
509 2285 523 2307 ‚
554 2248 694 2295 serere
728 2249 887 2295 florem
924 2266 980 2295 ex
1008 2247 1270 2306 foenilibus,
1303 2260 1434 2312 atque
1458 2265 1514 2295 ex

243 2322 513 2385 praesepibus
555 2322 685 2367 foeno
730 2322 950 2384 dilapsum
988 2321 1219 2384 spargere,
1254 2322 1514 2384 priusquam

245 2397 501 2442 cratiantur.
529 2397 571 2441 N
575 2412 624 2441 ec
642 2395 790 2457 primo
821 2412 941 2442 anno
965 2395 1100 2459 rigari
1122 2431 1136 2453 ,
1160 2412 1243 2442 nec
1265 2394 1382 2458 pasci
1410 2406 1511 2440 ante

242 2459 435 2519 secunda
466 2468 725 2531 foenisecia‚
762 2486 817 2518 ne
848 2469 996 2518 herbae
1024 2469 1284 2531 vellantur,
1314 2468 1509 2516 obtritu-
