1653 2797
217 167 511 217 NATUR.
553 166 856 218 HISTOR.
894 168 1017 218 LIB.
1045 165 1227 220 XVII.
1295 184 1381 218 211

99 289 201 339 quae
225 278 567 325 maturescentes
595 288 690 323 tum
719 276 819 323 sunt
846 278 1073 342 praecipue
1109 279 1301 327 caducae.
1338 279 1388 327 Id

99 349 235 414 riguis
269 350 408 415 magis
443 348 628 407 evenit,
665 346 834 396 etiamsi
863 368 961 397 non
995 353 1226 413 cecidere,
1261 354 1386 401 fasti-·⁵

99 423 287 470 diendis.
323 423 436 469 Sunt
468 423 518 468 δε
549 421 747 468 culicum
781 436 944 485 genera
982 423 1205 487 aliquibus
1231 426 1385 473 mole*

97 494 161 541 sta
187 531 201 553 ‚
237 507 288 542 ut
304 493 535 558 glandibus
552 528 566 552 ,
591 491 681 541 fico
698 530 711 552 ‚
738 494 815 557 qui
847 493 1058 541 videntur
1090 512 1146 541 ex
1190 499 1385 547 humore

98 568 246 626 nasci,
275 579 383 614 tunc
407 566 530 613 dulci
562 565 739 614 subdito
766 567 1026 614 corticibus.
1059 570 1116 615 Et
1145 573 1385 634 aegrotatio

96 642 279 705 quidem
315 639 407 686 fere
439 640 486 686 in
520 639 586 687 his
620 640 694 688 est.

163 714 210 761 ’8.
233 713 459 775 Quaedam
487 725 745 777 temporum
772 712 935 772 causae,
957 723 1032 760 aut
1058 712 1267 760 locorum
1289 731 1386 760 non

94 785 281 850 proprie
327 786 536 834 dicantur
575 786 759 845 morbi,
791 786 1008 849 quoniam
1049 788 1259 849 protinus
1302 804 1383 833 ne·-

95 871 230 907 cant:
260 859 371 906 ficut
394 859 515 906 tabes
541 876 643 906 cum
674 858 837 906 invasit
856 859 1062 905 arborem
1081 895 1094 918 ,
1116 871 1191 906 aut
1217 861 1383 917 uredO,

95 932 173 982 v-el
200 932 330 981 flatus
353 932 541 995 alicujus
567 933 763 997 regionis
791 933 1025 996 proprius,
1046 946 1095 979 ut
1114 934 1174 980 est
1199 935 1245 981 in
1265 936 1383 998 Apu·

93 1005 154 1053 lia
183 1005 428 1064 Atabulus,
457 1005 503 1050 in
542 1005 720 1051 Euboea
756 1006 1015 1069 Olympias.
1066 1006 1152 1053 Hic
1181 1008 1329 1066 enim,
1350 1008 1382 1053 fi

93 1077 224 1125 flavit
247 1079 366 1125 circa
401 1078 604 1124 brumam
622 1110 636 1135 9
669 1077 838 1140 frigore
868 1078 1013 1124 exurit
1037 1078 1279 1145 arefaciens
1296 1115 1310 1138 ‚
1331 1093 1381 1126 ut

93 1147 228 1196 nullis
258 1148 412 1211 postea
447 1147 625 1194 Solibus
653 1147 842 1214 recreari
871 1148 1051 1210 poffint.
1092 1149 1196 1195 Hoc
1221 1167 1384 1213 genere

92 1220 327 1268 convalles
352 1222 402 1268 &
429 1221 628 1283 apposita
662 1219 922 1267 fluminibus
951 1220 1157 1266 laborant
1174 1257 1187 1279 ,
1217 1222 1381 1284 praeci-

91 1311 269 1358 pueque
291 1294 420 1353 vitis,
446 1294 570 1352 olea,
592 1293 717 1341 ficus.
753 1295 896 1353 Quod
920 1311 1022 1340 cum
1039 1295 1191 1353 venit,
1215 1297 1379 1359 detegi·

91 1378 165 1413 tur
182 1365 324 1413 statim
357 1366 402 1412 in
423 1367 750 1430 germinatione
769 1385 779 1412 :
804 1367 852 1412 in
872 1366 998 1413 oliva
1028 1368 1212 1415 tardius:
1235 1368 1307 1414 sed
1331 1370 1376 1415 in

92 1438 304 1486 omnibus
328 1440 499 1504 signum
526 1439 588 1486 est
615 1439 956 1496 revivescendi,
977 1440 1008 1485 fi
1036 1440 1146 1486 folia
1169 1441 1378 1488 amisere:

90 1512 295 1577 alioqui,
317 1528 425 1576 quas
449 1523 576 1574 putes
593 1509 870 1574 praevaluiffe
884 1546 898 1568 ,
918 1511 1218 1560 emoriuntur.
1241 1513 1286 1558 N
1289 1529 1376 1559 on-

91 1602 322 1649 nunquam
350 1584 603 1632 inarescunt
631 1583 770 1641 folia,
794 1583 1037 1647 eademque
1069 1584 1377 1633 revivescunt.

92 1660 207 1706 Aliae
240 1658 288 1705 in
329 1656 766 1722 septemtrionalibus
785 1693 799 1716 ‚
831 1672 883 1704 ut
921 1658 1071 1703 Ponto
1091 1693 1106 1716 ,
1145 1658 1375 1723 Phrygia,

89 1734 259 1798 frigore
288 1746 362 1780 aut
398 1733 500 1798 gelu
529 1732 765 1790 laborant,
792 1732 825 1778 fi
861 1731 961 1794 post
991 1732 1193 1779 brumam
1222 1734 1375 1780 conti-

89 1823 288 1854 nuavere
315 1819 382 1852 XL
422 1804 592 1852 diebus.
635 1805 693 1850 Et
719 1804 782 1850 ibi
821 1814 999 1862 autem,
1027 1805 1078 1851 &
1111 1804 1158 1848 in
1191 1804 1375 1869 reliquis

90 1879 291 1943 partibus
309 1914 323 1937 ,
347 1878 378 1925 fi
412 1879 622 1941 protinus
653 1878 782 1924 editis
813 1876 1027 1924 fructibus
1055 1877 1220 1941 gelatio
1254 1896 1376 1942 mag⁴

90 1970 149 1999 na
180 1951 421 2000 consecuta
453 1951 543 2010 est,
574 1952 707 1998 etiam
743 1951 895 2014 paucis
927 1949 1082 1995 diebus
1118 1963 1260 1998 necat.

155 2044 200 2089 9.
249 2027 367 2086 Quae
401 2023 565 2087 injuria
606 2024 842 2069 hominum
884 2020 1124 2080 constant,
1163 2021 1374 2072 secundas

89 2100 258 2146 habent
281 2096 441 2145 causas.
471 2097 582 2154 Pix,
603 2095 778 2153 oleum,
808 2094 941 2156 adeps
959 2129 972 2152 ,
998 2093 1181 2141 inimica
1209 2097 1372 2158 praeciffi

86 2186 176 2233 pue
197 2170 405 2217 novellis.
437 2169 625 2216 Cortice
650 2169 697 2213 in
720 2167 879 2213 orbem
899 2167 1095 2213 detracto
1120 2179 1338 2214 necantur
1354 2203 1370 2227 ,

86 2255 282 2306 excepto
301 2242 479 2301 subere,
499 2242 625 2306 quod
642 2241 701 2288 fic
720 2241 854 2287 etiam
871 2239 1075 2303 juvatur:
1111 2240 1369 2288 craffescens

87 2316 207 2363 enim
226 2314 489 2380 praestringit
508 2317 559 2363 &
580 2314 832 2378 strangulat.
859 2315 957 2361 Nec
976 2314 1198 2361 adrachne
1227 2314 1368 2360 offen-

86 2389 232 2447 ditur,
261 2389 292 2434 si
326 2405 422 2435 non
461 2389 589 2435 fimul
617 2387 840 2434 incidatur
870 2390 918 2434 &
948 2403 1128 2449 corpus.
1179 2386 1367 2449 Alioqui

87 2462 139 2510 &
173 2461 342 2510 cerasus
362 2498 376 2521 ,
397 2465 446 2512 &
469 2462 563 2510 tilia
581 2498 595 2522 ‚
613 2463 663 2511 ὅ(
685 2460 793 2509 vitis
823 2461 1041 2521 corticem
1060 2460 1247 2507 mittunt
1262 2496 1275 2518 ‚
1297 2459 1369 2506 sed

1002 2534 1048 2578 O
1085 2550 1108 2577 2
