1653 2797
285 163 567 221 NATUR.
615 159 927 207 HISTOR.
972 162 1104 207 ΜΒ.
1142 163 1298 209 XIV.
1411 162 1472 226 9⁷

223 275 399 322 Ceterae
425 272 645 319 advenere
670 267 790 315 Chio
809 305 823 326 ,
843 268 1073 316 Thasove.
1112 270 1323 316 Graecula
1348 286 1445 317 non

160 347 352 395 inferior
382 342 628 393 Ammineis
659 341 864 389 bonitate
884 378 898 400 ,
920 355 1164 405 praetenera
1193 343 1327 390 acino
1351 361 1361 389 ε
1395 344 1447 390 &

157 437 251 467 uva
283 431 374 466 tam
412 432 588 480 parva,
618 427 668 461 ut
706 414 786 460 nifi
822 414 1111 478 pinguissimo
1146 415 1246 462 solo
1294 415 1447 461 colere

159 508 256 539 non
287 489 442 553 profit.
485 487 731 551 Eugeniam
768 487 1132 534 Taurominitani
1170 488 1308 535 colles
1344 505 1448 535 cum

157 563 462 629 generositatis
507 562 817 626 cognomine,
854 561 1009 609 misere
1054 562 1230 608 Albano
1272 574 1448 609 tantum

156 652 300 700 agro:
329 636 548 700 quoniam
574 635 784 682 translata
818 634 964 682 statim
988 646 1199 682 mutatur.
1242 636 1450 699 Namque

157 709 222 757 est
249 709 470 772 aliquibus
505 720 651 754 tantus
680 707 891 755 locorum
922 725 1050 755 amor
1068 744 1082 767 ,
1111 719 1163 755 ut
1186 723 1371 754 omnem
1401 709 1449 754 in

158 782 228 830 his
248 782 438 846 gloriam
461 781 580 829 suam
603 781 885 845 relinquant,
906 799 990 829 nec
1015 780 1201 845 usquam
1226 780 1451 828 transeant

160 867 287 903 totae.
323 855 469 915 Quod
497 856 547 902 &
572 854 619 900 in
644 855 850 901 Rhaetica
877 855 1261 920 Allobrbgicaque
1278 891 1292 914 ,
1314 872 1452 919 quam

161 929 290 992 supra
321 929 512 992 picatam
546 927 903 991 appellavimus,
937 929 1125 988 evenit,
1157 929 1283 976 domi
1316 929 1453 975 nobi-

161 998 309 1062 libus,
329 1019 414 1050 nec
439 1001 731 1066 agnoscendis
757 1001 877 1048 alibi.
913 1002 1153 1049 Foecundae
1173 1014 1345 1061 tamen,
1368 1002 1451 1049 bo-

161 1075 312 1122 nitatis
344 1076 450 1122 vice
481 1075 663 1138 copiam
695 1073 931 1138 praestant:
965 1075 1152 1139 eugenia
1172 1075 1453 1123 ferventibus

159 1148 309 1209 locis,
342 1149 546 1196 Rhaetica
586 1149 872 1211 temperatiS,
908 1148 1204 1213 Allobrogica
1241 1149 1414 1214 frigidis
1436 1186 1451 1208 ,

161 1221 265 1285 gelu
296 1219 625 1278 maturescens,
657 1221 708 1266 &
740 1220 899 1266 colore
935 1221 1072 1283 nigra.
1121 1223 1190 1267 Ex
1218 1221 1314 1278 his,
1342 1238 1453 1284 quas

163 1296 309 1342 adhuc
343 1293 537 1341 diximus
555 1330 569 1352 ,
597 1293 671 1340 sed
703 1293 834 1339 etiam
863 1310 888 1339 e
919 1294 1058 1357 nigris
1087 1294 1197 1340 vina
1230 1296 1453 1342 vetustate

163 1368 212 1414 in
251 1367 399 1414 album
436 1366 641 1413 colorem
684 1366 923 1413 transeunt.
974 1366 1178 1430 Reliquae
1215 1367 1451 1431 ignobiles.

162 1441 424 1504 Aliquando
458 1452 608 1486 tamen
646 1439 743 1486 caeli
770 1451 845 1486 aut
883 1439 966 1486 soli
994 1456 1133 1503 opera
1162 1456 1259 1486 non
1289 1440 1454 1487 fallunt

162 1514 428 1562 vetustatem
444 1550 457 1572 ,
479 1513 607 1561 sicuti
638 1514 848 1572 Fecenia,
870 1515 921 1561 &
944 1504 1045 1561 cum
1065 1531 1114 1560 ea
1138 1513 1306 1561 florens
1324 1514 1454 1562 Bitu-

164 1586 288 1645 rica,
307 1587 441 1633 acino
467 1585 640 1645 rarior,
667 1603 900 1649 nunquam
928 1585 1055 1632 floris
1084 1586 1303 1646 obnoxii,
1331 1604 1452 1651 quo-

163 1660 286 1707 niam
316 1659 608 1718 antecedunt,
640 1658 875 1723 ventisque
897 1658 1185 1707 &imbribus
1212 1661 1450 1708 refistunt:

86 1739 98 1748 “
165 1732 375 1780 meliores
400 1743 549 1779 tamen
575 1732 825 1796 algentibus
844 1731 983 1791 locis,
1004 1740 1138 1797 quam
1158 1733 1311 1781 calidis
1330 1752 1341 1781 :
1364 1734 1452 1780 hu·

166 1803 298 1853 midis
313 1840 327 1862 ,
347 1821 482 1868 quam
515 1803 778 1852 sitientibus.
818 1804 970 1851 Visula
997 1805 1134 1868 magis
1156 1822 1290 1869 quam
1313 1805 1453 1853 denso

167 1893 362 1924 uvarum
394 1887 556 1940 partu,
580 1876 815 1939 impatiens
844 1877 1058 1925 variantis
1087 1877 1185 1925 caeli
1203 1915 1219 1936 ‚
1245 1877 1319 1925 sed
1341 1896 1454 1926 con-

169 1962 237 1996 tra
266 1941 471 1999 tenorem
500 1968 642 1998 unum
668 1951 833 2015 algoris
863 1951 1047 1999 aestusve
1071 1951 1294 2000 constans.
1333 1955 1454 2014 Quae

168 2020 321 2067 minor
350 2021 412 2069 est
442 2039 498 2069 ex
525 2038 581 2068 eo
613 2038 801 2086 genere,
828 2022 1006 2070 melior.
1037 2024 1087 2068 In
1119 2023 1327 2086 eligendo
1350 2023 1453 2070 solo

167 2093 346 2140 morosa
359 2131 377 2153 ‚
396 2095 553 2160 pingui
573 2095 810 2159 putrescit,
834 2096 989 2161 gracili
1011 2096 1205 2143 omnino
1225 2113 1322 2143 non
1344 2114 1452 2161 pro-

168 2166 309 2212 venit.
347 2169 545 2215 Mediam
568 2170 829 2232 temperiem
857 2169 1043 2216 delicate
1065 2170 1252 2235 quaerit,
1271 2170 1334 2217 ob
1360 2171 1452 2217 hoc

170 2240 343 2287 Sabinis
363 2242 556 2290 collibus
576 2243 815 2291 familiaris,
846 2247 949 2293 Uva
969 2244 1062 2308 ejus
1091 2245 1305 2293 indecora
1322 2243 1451 2301 visu,

172 2313 328 2382 sapore
347 2313 571 2376 jucunda:
592 2319 673 2364 nisi
693 2330 863 2366 matura
882 2319 1091 2382 protinus
1109 2320 1299 2383 rapitur,
1317 2317 1453 2365 etiam

169 2403 266 2433 non
295 2388 549 2450 putrescens
569 2391 700 2438 cadit.
732 2392 907 2438 Contra
925 2393 1159 2456 grandines
1180 2409 1278 2439 eam
1297 2403 1450 2440 tuetur

169 2456 392 2508 foliorum
422 2461 670 2526 amplitudo
701 2475 833 2528 atque
868 2463 1043 2513 duritia.
