1653 2797
211 150 308 196 434
470 130 1252 179 C.PL1N118ECUND1

211 259 315 289 cum
349 238 529 286 modice
562 238 747 286 sumitur
768 274 785 296 ,
809 238 985 285 urinam
1013 239 1185 293 exciet‚
1217 242 1270 288 δε
1295 242 1492 291 tormina

210 314 386 377 mitigat
409 313 678 371 decoctum,
708 311 912 376 laetisque
944 312 1118 360 defectu
1149 327 1310 376 potum
1345 332 1490 363 mam-

212 405 306 436 mas
333 386 487 449 replet.
516 386 663 432 Radix
688 401 791 433 cum
808 384 1135 448 ptisana‘sumta
1159 402 1287 433 renes
1303 400 1493 452 purgat,

211 461 307 507 five
333 460 523 506 decocto
552 458 689 506 succo
706 495 720 518 ,
747 459 839 505 five
868 458 1032 505 semine
1053 458 1213 508 sumto.
1238 461 1422 509 Prodest
1440 465 1491 512 δε

210 532 482 595 hydropicis
516 532 644 578 radix
671 548 728 578 ex
768 532 883 599 vino
919 532 1059 578 cocta.
1107 533 1216 579 Item
1246 535 1492 584 convulfis.

212 606 454 652 Illinuntur
502 605 615 652 folia
657 604 911 652 tumoribus
949 604 1203 653 ardentibus
1247 623 1305 654 ex
1344 619 1492 656 aceto,

213 677 431 725 Calculos
467 677 626 725 veficae
659 677 847 739 pellunt.
900 677 1133 724 Geniturae
1176 677 1491 728 abundantiam

214 768 404 815 quoquo
424 750 565 799 modo
579 749 781 799 haustum
797 749 916 796 facit.
931 750 1152 797 Verendis
1169 751 1494 811 amiciffimum‚

214 825 309 872 five
347 825 402 871 ad
441 823 691 871 fovendum
733 822 881 870 radice
922 840 1024 870 cum
1066 824 1179 871 vino
1212 826 1371 883 coila,
1401 825 1496 873 five

216 900 416 947 contrita
451 898 499 943 in
533 896 640 943 oleo
668 895 845 942 illitum.
896 896 1033 943 Multi
1067 897 1317 944 tumoribus
1338 900 1389 946 δε
1419 898 1496 946 su-

215 972 379 1036 gillatis
410 988 516 1019 cum
550 986 650 1017 cera
678 967 874 1015 illinunt.
908 970 964 1014 Et
995 970 1140 1018 radice
1172 970 1219 1015 in
1246 970 1383 1019 succo
1418 972 1498 1022 vel

217 1062 323 1092 cum
351 1043 483 1090 melle
515 1055 676 1090 contra
703 1041 823 1089 canis
848 1040 1045 1090 morsum
1072 1054 1260 1090 utuntur
1276 1080 1290 1103 ,
1310 1046 1364 1093 &¹
1380 1062 1496 1093 con-

220 1132 288 1166 tra
313 1117 603 1181 multipedam
636 1134 692 1163 ex
721 1116 852 1163 vino.

285 1191 705 1255 Hippomarathron
743 1190 798 1237 ad
831 1189 983 1236 omnia
1018 1189 1342 1237 vehementius.
1385 1192 1499 1238 Cal-

221 1265 350 1312 culos
385 1264 609 1327 praecipue
653 1262 789 1324 pellit.
834 1260 1016 1307 Prodest
1050 1261 1210 1308 veficae
1244 1279 1347 1309 cum
1380 1263 1499 1311 vino

220 1338 340 1395 leni,
373 1339 422 1384 ὅ(
452 1336 722 1383 feminarum
750 1334 986 1382 menstruis
1017 1334 1303 1383 haerentibus.
1340 1337 1496 1384 Effica-

221 1416 315 1461 cius
345 1413 392 1459 in
419 1429 476 1458 eo
506 1411 653 1458 semen
669 1448 682 1470 ,
705 1428 839 1475 quam
857 1411 996 1457 radix.
1028 1411 1194 1458 Modus
1213 1412 1262 1458 in
1279 1421 1498 1474 utroque,

220 1487 347 1547 quod
386 1486 561 1532 duobus
600 1485 748 1547 digitis
775 1485 929 1531 tritum
962 1484 1136 1531 additur
1164 1486 1211 1532 in
1247 1484 1502 1548 potionem.

223 1557 452 1604 Petrichus
470 1592 483 1613 ‚
514 1557 591 1618 qui
627 1556 828 1617 Ophiaca
859 1555 1032 1618 scripfit
1050 1593 1063 1614 ‚
1103 1559 1155 1604 &
1181 1557 1385 1614 Micion,
1421 1557 1500 1620 qui

222 1630 615 1676 rhizotomumena
636 1663 649 1685 ‚
686 1626 895 1673 adversus
934 1627 1154 1689 serpentes
1189 1627 1299 1671 nihil
1332 1627 1500 1689 hippo-

221 1703 452 1751 marathro
471 1700 692 1748 efficacius
713 1712 940 1762 putavere.
971 1700 1082 1746 Sane
1097 1700 1147 1746 &
1160 1698 1387 1746 Nicander
1404 1715 1501 1745 non

223 1777 272 1822 in
298 1774 548 1821 novistimis
575 1772 739 1835 posuit.

289 1848 473 1894 XCVII.
505 1843 734 1892 Cannabis
761 1842 808 1889 in
836 1841 961 1888 silvis
974 1841 1168 1904 primum
1200 1850 1302 1887 nata
1328 1837 1415 1898 est,
1435 1841 1501 1884 ni-

225 1922 349 1986 grior
392 1920 546 1977 foliis,
573 1921 622 1967 ὅ(
651 1916 860 1980 asperior.
911 1914 1069 1962 Semen
1102 1914 1193 1977 ejus
1227 1913 1502 1976 exstinguere

224 1993 471 2057 genituram
503 1991 713 2038 virorum
748 1989 926 2036 dicitur.
961 1988 1131 2035 Succus
1161 2002 1217 2033 ex
1245 2002 1300 2033 eo
1332 1985 1503 2033 vermi-

227 2067 358 2113 culos
387 2064 564 2113 aurium
582 2100 596 2121 ,
623 2065 673 2111 &
701 2062 1009 2126 quodcunque
1035 2059 1198 2107 animal
1231 2058 1468 2106 intraverit
1486 2094 1503 2116 ,

224 2138 374 2199 ejicit,
398 2137 470 2184 sed
492 2154 593 2184 cum
622 2135 783 2182 dolore
805 2134 972 2197 capitis.
1005 2135 1238 2195 Tantaque
1267 2131 1338 2178 vis
1358 2131 1399 2177 ei
1417 2129 1504 2187 est,

226 2226 277 2258 ut
314 2230 443 2276 aquae
476 2209 650 2268 infusa,
678 2209 911 2272 coagulare
945 2225 1041 2255 eam
1078 2206 1260 2253 dicatur.
1310 2206 1366 2249 Et
1399 2202 1505 2248 ideo

225 2285 531 2341 iumentorum
569 2285 678 2331 alvo
724 2282 942 2330 succurrit
975 2291 1085 2343 pota
1112 2278 1159 2324 in
1194 2293 1315 2340 aqua.
1356 2274 1504 2321 Radix

227 2358 483 2404 contractos
525 2355 738 2402 articulos
778 2355 952 2401 emollit
978 2353 1026 2399 in
1057 2367 1171 2415 aqua
1207 2349 1366 2396 cocia:
1398 2345 1505 2392 item

226 2429 467 2492 podagras,
508 2429 559 2475 &
586 2427 747 2475 similes
773 2427 979 2491 impetus,
1026 2421 1246 2473 Ambustis
1278 2419 1415 2469 cruda
1448 2416 1509 2465 il-
