1653 2797
336 135 1334 188 NATUR.H15TOR.L113.X1V.
1435 153 1481 199 7

197 247 293 295 aliae
317 265 397 312 per
422 248 586 295 hiemes
607 280 620 304 ‚
647 245 804 307 pensili
833 257 1158 293 concameratae
1189 245 1331 292 nodo.
1367 244 1482 291 Aliae

197 322 244 368 in
277 323 350 370 sua
380 334 552 369 tantum
592 319 886 367 continentur
916 321 1063 367 anima
1099 319 1202 366 ollis
1238 319 1482 377 fiet-ilibus,

197 399 248 443 ὃς
281 396 462 457 insuper
485 394 619 441 doliis
651 393 830 440 inclusae
845 429 859 452 ‚
882 393 1051 457 stipatae
1074 395 1272 443 vinaceis
1291 396 1482 442 circum=

197 470 460 517 sudantibus.
498 469 612 516 Aliis
642 469 828 532 gratiam
846 505 859 527 ‚
882 468 961 532 qui
997 470 1046 515 &
1069 468 1190 515 vinis
1210 504 1224 528 ‚
1243 468 1392 516 fumus
1415 468 1483 515 af-

196 543 283 588 fert
307 541 504 589 fabrilis:
530 541 670 605 iisque
694 541 884 605 gloriam
911 542 1189 604 praecipuam
1215 543 1263 588 in
1287 541 1483 589 fornaci-

195 616 276 662 bus
304 614 470 662 Africae
498 615 672 662 Tiberii
705 615 890 663 Caefaris
927 616 1166 662 auetoritas
1199 615 1319 663 fecit.
1365 619 1498 663 Ante·

195 707 299 737 eum
319 690 535 737 Rhaeticis
565 691 693 753 prior
719 689 868 736 mensa
899 702 1013 749 erat,
1045 692 1093 738 &
1122 690 1227 737 uvis
1247 692 1486 736 Veronen-

195 764 307 812 slum
335 780 459 827 agro.
492 763 619 823 Quin
648 765 697 810 ὅ(
717 780 742 808 a
766 762 980 826 patientia
1004 779 1174 810 nomen
1197 763 1335 810 seinis
1356 763 1486 810 datur

194 835 339 899 paffis.
365 835 638 883 Condantur
659 836 708 882 &
731 835 879 882 musto
901 853 1004 884 uvae
1019 872 1033 895 ‚
1053 836 1247 900 ipfaeque
1268 837 1382 882 vino
1404 835 1486 883 suo

197 910 494 957 inebriantur.
540 909 654 957 Aliae
691 910 887 957 decostae
927 910 976 956 in
1010 910 1156 956 musto
1199 909 1484 963 dulcescunt:

196 984 296 1031 aliae
319 999 436 1030 vero
462 982 667 1029 sobolem
690 1000 863 1029 novam
889 983 936 1029 in
964 996 1104 1030 matre
1127 983 1217 1046 ipsa
1236 984 1487 1047 exfpefflant

200 1055 487 1102 translucidae
518 1055 645 1103 vitro
673 1073 685 1102 :
717 1056 929 1119 additque
955 1057 1094 1103 acinis
1116 1057 1299 1104 eandem
1320 1094 1334 1114 ,
1353 1074 1488 1120 quarn

198 1128 247 1176 in
286 1127 420 1175 doliis
466 1127 785 1190 amphorisve,
821 1129 1090 1177 duratricem
1136 1130 1257 1176 illam
1298 1128 1490 1175 firmita-

197 1213 287 1249 tem
319 1200 547 1248 austeritas
578 1201 691 1262 picis
722 1200 865 1246 infusa
897 1201 1123 1262 pediculo.
1170 1203 1263 1248 Jam
1299 1203 1488 1248 inventa

197 1291 281 1338 per
300 1274 340 1319 se
360 1274 407 1319 in
429 1273 542 1320 vino
571 1273 721 1334 picem
748 1272 959 1333 resipiens
977 1308 991 1329 ,
1013 1273 1313 1320 Viennensem
1333 1292 1488 1337 agrum

196 1346 466 1402 nobilitans,
499 1346 745 1402 Arverno,
770 1345 1070 1408 Sequanoque
1100 1347 1151 1393 &
1180 1346 1378 1392 Helvico
1413 1364 1489 1409 ge-

197 1417 379 1464 neribus
418 1433 514 1463 non
547 1416 721 1480 pridem
746 1416 974 1464 illustrata.
1005 1420 1156 1481 Atque
1181 1418 1279 1465 haec
1308 1418 1488 1482 Virgilii
1538 1443 1555 1451 ‹-

197 1489 315 1536 vatis
346 1501 473 1537 aetate
504 1489 768 1553 incognita,
801 1507 825 1535 a
857 1488 981 1551 cujus
1012 1490 1141 1536 obitu
1185 1504 1259 1538 XC
1296 1503 1488 1554 aguntur

198 1562 320 1609 anni.
341 1562 469 1623 Quid
487 1563 613 1626 quod
638 1562 812 1609 insertae
831 1561 982 1609 castris
999 1563 1217 1610 summam
1239 1581 1389 1612 rerum
1407 1566 1487 1612 im-

198 1637 462 1700 periumque
481 1637 747 1684 continent?
776 1637 1112 1684 Centurionum
1135 1638 1181 1684 in
1200 1655 1336 1685 manu
1353 1640 1459 1687 vitis
1473 1675 1487 1697 ,

199 1711 252 1757 &
279 1710 437 1771 opimo
467 1709 656 1772 praemio
685 1709 838 1756 tardos
864 1709 1045 1757 ordines
1077 1710 1133 1756 ad
1162 1710 1302 1758 lentas
1328 1712 1487 1774 percht-

199 1783 265 1830 cit
292 1781 492 1846 aquilas,
516 1794 649 1847 atqsse
679 1783 813 1829 etiam
848 1784 896 1829 in·
934 1783 1100 1830 delictis
1131 1801 1314 1846 poenam
1348 1784 1485 1847 ipsam

202 1857 417 1903 honorat.
469 1857 567 1903 Nec
597 1872 692 1902 non
723 1857 874 1903 vineae
901 1857 1296 1920 oppugnationum
1328 1857 1487 1905 dedere

201 1929 437 1976 rationem.
463 1930 579 1975 Nam
600 1929 649 1975 in
664 1929 1031 1976 medicaminibus
1051 1930 1164 1976 adeo
1184 1947 1398 1994 magnum
1416 1932 1491 1978 ob-

201 2002 347 2049 tinent
372 2001 525 2049 locum
543 2038 558 2061 ‚
576 2014 625 2049 ut
654 2020 737 2066 per
764 2001 850 2048 sese
883 2002 999 2049 vino
1029 2001 1127 2066 ipso
1162 2003 1358 2050 remedia
1391 2004 1487 2051 sint.

265 2077 344 2122 IV.
371 2076 549 2122 Genera
581 2075 750 2122 vitium
784 2092 978 2123 numero
1007 2076 1333 2138 comprehendi
1365 2077 1487 2139 poffe

201 2162 316 2194 unus
339 2147 613 2195 existimavit
643 2149 963 2208 DemocrituS,
995 2149 1152 2196 cuneta
1186 2148 1265 2195 fibi
1296 2150 1490 2196 Graeciae

202 2219 385 2282 cognita
414 2219 650 2284 professus.
694 2222 844 2268 Ceteri
876 2222 1112 2269 innumera
1145 2232 1278 2285 atque
1314 2220 1489 2269 infinita

202 2291 288 2337 effe
320 2294 643 2355 prodiderunt,
669 2296 797 2359 quod
819 2296 972 2342 verius
1003 2294 1236 2358 apparebit
1265 2311 1323 2341 ex
1354 2295 1489 2343 vinis.⁴

202 2365 304 2412 Nec
337 2365 489 2412 omnia
512 2367 718 2416 dicentur
737 2404 750 2427 ‚
778 2367 851 2415 sed
881 2368 1074 2415 maxi-me
1104 2365 1321 2430 insignia:
1355 2367 1490 2430 quip-

201 2454 260 2502 pe
300 2456 400 2504 quae
439 2440 628 2488 totidem
666 2459 794 2507 paene
833 2442 968 2501 sunt,
1000 2453 1118 2506 qu-ot
1150 2439 1262 2503 agri.
1313 2441 1492 2501 Quam-
