1653 2797
235 157 526 204 NATUR.
564 153 1048 200 HtsToa.L113.
1089 153 1240 200 xix,
1313 168 1397 214 341

122 266 262 313 coffis
291 265 464 313 similes.
499 265 703 324 Namque
736 263 786 308 &
815 261 932 306 coffi
959 261 1216 308 dulcescunt
1235 298 1248 320 ,
1284 263 1333 309 δέ
1358 262 1405 307 in

122 355 348 400 naporum
372 338 518 384 vicem
538 333 777 381 transeunt.
813 335 992 380 Crudos
1020 335 1180 381 medici
1201 335 1405 393 suadent,

121 414 177 460 ad
202 412 456 477 colligenda
481 408 598 455 acria
625 406 848 454 viscerum
864 443 877 465 ‚
905 408 1076 455 dandos
1105 427 1207 457 cum
1233 410 1317 457 sale
1342 410 1405 472 je-

122 484 240 547 junis
267 485 377 542 effe,
395 495 525 545 atque
555 482 615 527 ita
636 479 970 528 vomitionibus
1002 496 1254 545 praeparant
1282 502 1405 532 mea-

123 569 234 604 tum.
269 556 475 603 Tradunt
504 556 553 601 &
578 554 840 618 praecordiis
862 554 1146 602 neceffarium
1167 558 1285 605 hunc
1307 558 1406 606 suc-

122 651 226 680 cum
246 649 257 677 ε
284 631 465 695 quando
493 629 689 693 phthisin
711 629 838 676 cordi
859 629 977 675 intus
997 629 1287 679 inhaerentem
1307 650 1403 679 non

121 705 213 751 alio
252 704 444 767 potuiffe
483 702 645 766 depelli
686 714 970 765 compertum
1005 702 1057 748 fit
1087 692 1138 748 'in
1167 706 1404 769 AEgypto‚

122 777 299 840 regibus
335 793 530 840 corpora
562 792 849 822 mortuorum
887 775 945 824 ad
977 775 1240 824 scrutandos
1276 796 1404 825 mor-

124 851 208 898 bos
226 850 539 898 insecantibus.
567 851 736 913 Atque,
756 860 803 895 ut
827 848 887 894 est
908 850 1067 896 Graeca
1091 851 1264 898 vanitas
1281 889 1294 911 ,
1318 851 1405 898 fer-

124 935 197 968 tur
231 923 278 968 in
321 922 493 985 temp-lo
521 921 748 984 Apollinis
780 920 973 982 Delphis
1005 921 1117 968 adeo
1151 923 1307 970 ceteris
1338 924 1405 970 ci-

123 996 191 1042 bis
216 996 423 1059 praelatus
444 996 695 1058 raphanus,
723 1005 774 1041 ut
807 1011 864 1040 ex
895 1011 1004 1040 auro
1030 995 1278 1056 dicaretur,
1305 1000 1406 1045 beta

123 1088 181 1117 ex
214 1082 397 1134 argento
418 1106 431 1129 ‚
466 1087 626 1134 rapum
662 1086 686 1115 e
719 1068 921 1132 plumbo,
953 1069 1095 1116 Scires
1125 1088 1220 1121 non
1244 1072 1308 1118 ibi
1327 1090 1405 1136 ge·-

126 1145 269 1191 nitum
298 1144 498 1190 Manium
535 1143 727 1190 Curium
755 1144 1073 1205 Imperatorem
1091 1178 1104 1201 ‚
1131 1161 1265 1207 quem
1284 1146 1408 1192 Sam-

119 1217 285 1264 nitium
312 1218 462 1282 legatis
494 1234 651 1263 aurum
681 1216 970 1280 repudiaturo
995 1215 1309 1276 afferentibus,
1333 1237 1408 1266 ra-

123 1307 232 1353 pum
264 1302 510 1338 torrentem
533 1288 579 1334 in
615 1288 726 1336 foco
757 1290 998 1335 inventum
1034 1287 1230 1335 Annales
1258 1287 1406 1336 'nostri

124 1364 378 1426 prodidere.
407 1363 585 1426 Scripfit
613 1365 663 1410 δέ
687 1361 930 1411 Moschion
958 1363 1144 1409 Graecus
1178 1382 1319 1411 unum
1353 1366 1407 1411 de

123 1436 326 1498 raphano
346 1437 582 1483 volumen.
608 1433 834 1482 Utiliffirni
858 1434 906 1480 in
936 1434 1045 1481 cibis
1075 1435 1264 1483 hiberno
1290 1450 1407 1483 tem-

124 1525 236 1571 pore
268 1508 573 1555 existimantur
595 1525 604 1552 :
637 1506 863 1569 iidemque
892 1505 1098 1551 dentibus
1124 1506 1295 1570 semper
1317 1509 1407 1554 ini-

125 1581 233 1629 mici
252 1619 266 1641 9
314 1583 529 1646 quoniam
580 1590 785 1627 atterant.
851 1578 1000 1625 Ebora
1046 1590 1164 1625 certe
1211 1582 1407 1643 poliunt.

126 1655 297 1701 Odium
329 1649 399 1702 his
436 1672 538 1703 cum
572 1653 668 1702 vite
700 1651 973 1711 maximum,
1001 1651 1255 1718 refugitque
1279 1654 1406 1718 juxta

127 1727 259 1777 satos.

208 1804 399 1850 XXVII.
435 1802 700 1866 Lignofiora
731 1802 830 1850 sunt
867 1803 1069 1868 reliqua,
1103 1805 1152 1850 in
1185 1805 1408 1869 cartilagi-

127 1892 237 1921 num
269 1891 429 1938 genere
450 1875 581 1921 nobis
602 1876 756 1938 posita.
788 1876 1069 1940 Mil-umque,
1091 1878 1303 1925 omnibus
1322 1896 1407 1926 ve-

127 1947 399 1993 hementiam
428 1945 594 2009 saporis
627 1947 773 1994 ineffe.
810 1949 878 1993 Ex
914 1948 964 1994 iis
995 1949 1232 2012 pastinacae
1264 1969 1407 1998 unum

116 2034 266 2082 genus
297 2017 462 2082 agreste
481 2016 638 2079 sponte
667 2018 908 2080 provenit:
939 2018 1223 2086 staphylinos
1245 2024 1405 2070 Graece

129 2091 305 2138 dicitur.
339 2091 542 2136 Alterum
569 2088 726 2136 seritur
751 2090 898 2137 radice
932 2093 1010 2138 vel
1041 2091 1204 2140 semine
1222 2130 1235 2153 ‚
1259 2094 1408 2156 primo

129 2181 238 2211 vere
268 2164 343 2211 vel
370 2175 612 2210 autumno:
644 2175 694 2210 ut
722 2165 912 2228 Hygino
932 2165 1103 2228 placet,
1135 2167 1376 2213 Februario
1393 2204 1408 2225 ‚

132 2237 359 2301 Augusto,
394 2236 673 2300 Septembri,
701 2237 919 2295 Octobri,
953 2237 1053 2284 solo
1083 2254 1219 2302 quam
1255 2238 1409 2284 altiffi-

129 2329 202 2358 me
225 2310 404 2358 refosso,
436 2310 659 2357 Annicula
693 2311 812 2358 utilis
840 2310 923 2358 effe
959 2312 1143 2376 incipit,
1170 2312 1290 2359 bima
1320 2312 1411 2358 uti-

130 2386 219 2431 lior
239 2421 253 2444 ,
281 2384 446 2449 gratior
477 2395 692 2430 autumno
712 2420 726 2443 ‚
750 2384 997 2448 patinisque
1017 2385 1209 2431 maxime
1231 2403 1240 2430 :
1273 2386 1323 2432 &
1351 2384 1409 2431 fic

133 2476 320 2526 quoque
349 2458 473 2507 virus
508 2457 573 2504 illi
604 2458 881 2506 intrafiabile'
911 2459 987 2507 est.
1021 2458 1252 2506 Hibiscum
1280 2477 1303 2506 a
1332 2477 1413 2523 pra-

1098 2533 1197 2593 ΥΞ
