1653 2797
237 142 331 204 364
509 141 565 188 C.
612 140 870 186 PLINII
921 140 1296 188 SECUNDI

231 248 480 295 'condentia
513 248 560 293 in
592 248 637 294 id
670 247 725 294 se.
771 250 996 311 Ferroque
1027 265 1122 294 non
1160 247 1369 312 expedire
1407 253 1509 296 tan-'-

235 321 282 384 gi
311 335 454 366 rutam
473 357 487 379 ,
517 320 711 368 cunilam
728 358 740 380 ,
767 334 961 367 mentam
977 358 991 380 ,
1017 323 1215 369 ocimum
1234 359 1247 381 ,
1272 323 1426 368 ἃῑιξὶοτ
1447 322 1509 368 est

235 391 424 439 'Sabinus
459 393 573 440 Tiro
613 393 660 439 in
694 393 812 440 libro
844 393 1105 457 Cepuricfm
1126 429 1140 453 ,
1169 411 1306 458 quem
1340 395 1510 441 Maece-

234 467 326 511 nati
358 466 541 513 dicavit.

301 540 450 586 LVIII.
469 540 589 586 Idem
609 552 765 587 contra
783 540 1015 599 formicas,
1036 557 1130 586 non
1154 540 1389 587 minimum
1404 540 1512 587 hor-

235 620 392 658 ‘torum
420 614 633 672 exitium,
651 616 683 660 fi
704 632 798 661 non
827 615 911 661 smt
938 614 1078 677 rigui,
1111 615 1354 661 remedium
1380 631 1512 662 mon-

237 685 398 733 stravit
417 722 432 745 ,
468 686 622 737 limum
647 688 871 734 marinum
890 723 904 746 ,
936 701 1014 735 aut
1041 688 1236 735 cinerem
1251 725 1266 746 ,
1289 689 1512 735 obturan-

238 757 305 804 dis
344 775 495 805 earum
524 759 829 806 foraminibus.
861 761 946 806 Sed
977 759 1275 809 efficacissime
1288 759 1512 806 heliotro-

238 831 321 893 pio
353 832 488 879 herba
515 845 742 880 necantur.
780 834 979 893 Quidam
1001 836 1051 881 &
1077 849 1237 896 aquam
1266 832 1412 879 diluto
1444 833 1513 879 la-

237 915 329 950 tere
367 907 506 951 crudo
539 907 765 954 inimicam
798 909 859 955 eis
891 920 1064 973 putant.
1105 909 1340 970 Naporum
1369 905 1515 952 medi-

241 976 343 1022 cina
361 978 449 1035 est,
481 978 655 1042 siliquas
675 999 760 1027 una
791 981 899 1029 serii
928 982 1038 1029 ficut
1067 982 1243 1028 olerum
1272 980 1419 1027 cicer:
1447 997 1515 1027 ar-

242 1062 315 1095 cet
343 1051 463 1097 enim
493 1070 655 1101 erucas.
689 1057 800 1115 Quo
818 1056 849 1102 fi
869 1055 1039 1102 ‘omiss‘o
1057 1055 1144 1118 jam
1166 1066 1279 1101 natae
1303 1053 1409 1112 fint,
1441 1070 1515 1099 re-

242 1140 285 1168 n
292 1123 361 1168 edi
351 1141 439 1169 ‘lun
472 1125 533 1170 est
565 1127 666 1171 abfiz
670 1127 770 1173 ·thii
801 1128 955 1175 succus
989 1127 1163 1174 decoffi
1193 1125 1433 1188 inspersus.
1466 1127 1517 1172 &

241 1195 329 1242 sedi
341 1215 416 1260 ,q
412 1216 475 1244 la
466 1217 508 1243 n
526 1199 564 1244 ai
570 1217 703 1246 mum
731 1213 929 1248 vocant:
959 1215 1095 1263 genus
1124 1200 1213 1246 hoc
1233 1198 1385 1245 herbae
1403 1197 1535 1263 dixi-N,

240 1285 286 1312 n
289 1286 315 1312 ι
320 1285 351 1314 5.
389 1270 546 1315 Semen
577 1271 751 1317 olerum
785 1272 815 1317 fi
850 1271 984 1318 succo
1011 1271 1104 1333 ejus
1135 1268 1426 1316 madefafihtm
1454 1267 1516 1313 se-

241 1354 363 1388 ratur
380 1380 396 1400 ,
433 1344 557 1391 olera
590 1345 703 1392 nulli
737 1345 996 1392 animalium
1024 1345 1229 1392 obnoxia
1253 1343 1401 1389 futura
1429 1353 1519 1388 tra-

245 1418 371 1464 dunt.
413 1421 463 1465 In
495 1432 645 1466 totum
682 1438 797 1469 vero
830 1439 913 1468 nec
943 1437 1125 1478 erucas,
1160 1419 1192 1466 fi
1224 1419 1329 1482 palo
1364 1418 1517 1480 impo-

245 1500 410 1534 nantur
433 1490 478 1534 in
497 1490 641 1537 horris
671 1493 761 1538 offa
792 1493 948 1554 capitis
966 1509 1021 1537 ex
1043 1491 1211 1555 equino
1240 1506 1427 1554 genere,
1448 1488 1517 1536 fe-

247 1562 381 1606 minae
409 1561 650 1608 dumtaxat.
682 1563 904 1608 Adversus
935 1579 1086 1608 erucas
1116 1563 1167 1608 &
1199 1579 1410 1609 cancrum
1432 1561 1520 1607 flu-

249 1633 448 1679 viaiilem
475 1634 522 1679 in
554 1635 704 1680 medio
724 1634 859 1680 horto
891 1633 1141 1696 suspensum
1177 1632 1382 1678 auxiliari
1414 1650 1519 1678 nar-

247 1720 359 1754 rant.
396 1710 509 1754 Sunt
537 1709 614 1771 qui
646 1709 894 1772 sanguineis
927 1709 1066 1771 virgis
1096 1719 1281 1772 tangant
1309 1724 1385 1764 ea,
1419 1725 1519 1771 quae

248 1781 413 1827 nolunt
445 1781 511 1828 his
547 1781 748 1828 obnoxia
784 1781 879 1827 effe.
915 1780 1126 1827 Infestant
1163 1779 1327 1826 culices
1358 1779 1520 1825 hortos
1552 1828 1553 1832 ,

249 1856 401 1918 iiguos
428 1854 683 1917 praecipue,
708 1853 737 1899 fi
768 1853 852 1899 snt
880 1853 1122 1900 arbusculae
1143 1852 1318 1916 aliquae.
1348 1851 1408 1897 Hi
1425 1851 1518 1914 gal-

248 1931 368 1977 bano
399 1928 587 1976 accenso
619 1928 847 1991 fugantur.

315 2003 433 2047 Nam
464 2002 588 2063 quod
624 2002 679 2047 ad
706 1999 1078 2063 permutationem
1101 1994 1316 2042 seminum
1335 1990 1520 2049 attinet,

251 2052 508 2138 quibusdan
535 2091 591 2120 ex
615 2074 667 2120 iis
694 2073 873 2120 sirmiras
893 2072 1038 2133 major
1063 2068 1154 2127 est,
1175 2078 1227 2114 ut
1252 2065 1520 2122 coriandro,

250 2120 398 2203 lietae,
429 2145 875 2208 por10‚nasturtio‚
907 2142 1080 2205 finapi,
1117 2155 1261 2186 erucae
1283 2172 1296 2196 ,
1331 2136 1520 2193 cunilae,

251 2222 304 2266 &
336 2217 426 2263 fere
462 2217 652 2264 acribus.
695 2216 945 2262 Infirmiora
977 2225 1124 2260 autem
1159 2210 1258 2256 sunt
1294 2206 1521 2270 atriplici‚

253 2292 436 2348 ocimo,
471 2291 743 2347 cucuibirae,
773 2288 976 2337 cucumi:
1010 2285 1242 2334 &aestiva
1266 2281 1420 2330 omnia
1447 2279 1522 2327 hi·-

254 2363 401 2411 bernis
427 2363 538 2426 magi
544 2380 562 2409 5
591 2362 781 2408 durant:
810 2360 994 2407 minime
1013 2373 1160 2405 autem
1182 2356 1412 2421 gethyum.
1436 2351 1522 2398 Sed

253 2455 308 2487 ex:
338 2438 403 2484 his
438 2455 536 2502 quae
568 2435 667 2483 sunt
699 2434 964 2492 fortiffima,
994 2431 1165 2478 nullum
1198 2430 1314 2479 ultra
1341 2424 1520 2492 quadri-
