1653 2797
232 156 319 204 188
482 160 536 205 c,
581 160 840 208 PL1N11
885 163 1257 235 saeuum

226 263 268 310 sa
287 301 300 322 ‚
325 282 421 312 non
444 267 538 315 -alte
567 281 682 315 terra
707 269 913 317 condita:
947 283 1279 334 erumpuntque
1306 287 1330 318 e
1350 271 1500 336 singu-

226 338 278 384 lis
306 340 451 387 oculis
478 343 667 390 totidem
690 343 866 406 plantae.
888 345 1057 392 Seritur
1077 347 1126 392 &
1155 345 1406 408 deplantata
1423 361 1504 408 pe·-

226 411 315 457 dali
349 412 504 462 sulco:
538 415 654 463 binis
684 417 858 464 obrutis
879 418 1076 480 gemmis
1095 453 1110 476 ‚
1143 430 1193 463 ut
1219 416 1377 474 tertiug»
1397 434 1503 469 ‘no-

229 483 310 530 dus
352 496 511 534 terram
554 489 773 553 attingat:
812 507 962 552 prono
999 490 1264 547 cacumine,
1294 507 1351 537 ne
1381 498 1521 538 rores'

229 559 470 622 concipiat.
505 563 703 610 Caeditur
733 563 1011 611 decrescente
1029 566 1167 611 Luna.
1202 565 1358 612 Vineis
1383 581 1507 611 anno

227 629 386 678 siccata
414 634 570 682 utilior
587 671 600 693 ,
625 653 757 699 quam
787 635 958 682 viridis.

292 706 506 754 XXXIV.
535 708 750 756 Castanea
779 710 1054 773 pedamentis
1080 711 1288 758 omnibus
1319 708 1506 773 praefer—

229 788 301 823 tur
337 778 549 828 facilitate
580 785 816 841 tractatus,
842 783 1111 846 perdurandi
1137 784 1414 847 pervicacia,
1436 801 1508 830 re-

228 851 554 910 germinatione
591 855 743 902 caedua
773 856 849 902 vel
878 855 1006 902 salice
1042 855 1204 902 laetior.
1228 855 1406 915 Quaerit
1432 855 1507 901 so-

230 922 322 966 lum
347 922 497 980 facile,
516 942 599 972 nec
618 937 768 973 tamen
784 925 1043 973 arenosum:
1075 926 1360 989 maximeque
1379 924 1509 972 sabu-

218 994 320 1039 lum
349 996 580 1044 humidum
602 1034 615 1055 ‚
653 1012 731 1045 aut
761 999 1115 1058 carbunculum,
1149 998 1226 1046 vel
1259 998 1342 1045 tofi
1376 998 1510 1045 etiam

229 1064 448 1125 farinam,
488 1070 731 1132 quamlibet
764 1087 945 1133 opaco,
987 1068 1426 1133 septemtrionalique
1461 1069 1511 1116 &

229 1139 489 1203 praefrigido
521 1143 633 1202 situ,
663 1143 739 1190 vel
768 1146 902 1190 etiam
935 1143 1115 1192 declivi.
1140 1141 1332 1189 Recusat
1356 1140 1510 1187 eadem

231 1211 445 1274 glaream,
466 1215 716 1274 rubricam,
740 1230 904 1263 cretam
919 1251 932 1274 ‚
968 1231 1242 1279 omnemque
1270 1226 1398 1259 terrae
1417 1211 1511 1259 foe-

232 1287 520 1334 cunditatem.
553 1290 647 1335 Seri
680 1307 794 1337 nuce
826 1289 1048 1336 diximus:
1087 1289 1160 1335 sed
1182 1287 1264 1334 nisi
1291 1304 1349 1334 ex
1366 1286 1512 1332 maxi-

231 1358 312 1403 mis
343 1376 438 1405 non
473 1362 689 1423 provenit
709 1399 723 1421 ‚
766 1380 848 1409 nec
885 1362 964 1408 nisi
996 1361 1143 1425 quinis
1171 1359 1418 1408 acervatim
1448 1359 1513 1405 sa-

230 1428 298 1474 tis.
337 1430 554 1494 perfringi
603 1431 746 1478 solum
794 1433 925 1480 debet
961 1433 1122 1494 supra,
1160 1431 1524 1479 eanovembri·

231 1499 379 1545 mense
415 1502 462 1546 in
496 1503 813 1549 Februarium:
842 1521 934 1567 quo
968 1503 1125 1549 solutae
1159 1502 1317 1566 sponte
1347 1502 1512 1548 cadunt

233 1588 290 1617 ex
317 1574 476 1620 arbore
496 1612 508 1632 ,
538 1588 671 1638 atque
703 1575 1038 1623 subnascuntur.
1065 1576 1307 1622 Intervalla
1333 1576 1417 1621 fint
1434 1592 1511 1638 pe-

232 1646 343 1693 dalia
362 1684 375 1704 ,
404 1649 600 1712 undique
633 1648 755 1696 sulco
789 1649 1052 1695 dodrantali.
1104 1650 1172 1694 Ex
1203 1649 1305 1707 hoc,
1326 1648 1514 1695 semina-

233 1718 303 1765 rio
340 1721 666 1768 transferuntur
710 1722 753 1767 in
792 1722 940 1779 aliud,
975 1720 1168 1783 bipedali
1216 1720 1511 1779 invervallo‚

233 1793 331 1854 plus
369 1795 568 1841 biennio.
604 1796 713 1840 Sunt
749 1796 799 1841 &
833 1794 1133 1857 propagines,
1176 1792 1288 1839 nulli
1331 1789 1512 1857 quidem

233 1862 470 1911 faciliores.
501 1866 677 1912 Nudata
704 1866 822 1912 enim
852 1865 1027 1920 radice,
1050 1875 1147 1910 tota
1178 1864 1225 1909 in
1250 1862 1374 1910 sulco
1401 1879 1513 1925 pro—

234 1936 455 1985 sternitur.
501 1939 618 1985 Tum
655 1957 710 1986 ex
742 1938 974 1986 cacumine
1005 1937 1132 2000 supra
1159 1949 1322 1984 terram
1355 1936 1513 1983 relicto

233 2011 509 2072 renascitur,
548 2016 597 2060 &
630 2013 713 2060 alia
741 2013 796 2059 ab
828 2013 990 2059 radice.
1023 2013 1108 2058 Sed
1130 2011 1340 2059 translata
1375 2010 1515 2058 nescit

234 2083 481 2146 hospitari,
518 2100 739 2151 pavetque
769 2087 1036 2133 novitatem.
1071 2084 1264 2131 Biennio
1298 2084 1390 2131 fere
1423 2100 1512 2147 po-

227 2157 322 2203 stca
351 2159 537 2219 prosilit.
582 2160 687 2205 Ideo
724 2160 913 2206 nucibus
949 2159 1101 2221 potius
1123 2192 1137 2215 ‚
1169 2173 1302 2220 quam
1333 2156 1511 2203 vivira-

238 2229 409 2276 dicibus
429 2266 442 2289 ‚
481 2232 696 2293 plantaria
731 2233 883 2278 caedua
909 2231 1163 2294 implentur.
1193 2229 1382 2281 Cultura
1414 2245 1510 2275 non

239 2305 347 2362 alia,
379 2323 512 2368 quam
544 2305 668 2368 supra
701 2305 847 2363 diffis,
874 2304 1100 2351 fodiendis
1138 2302 1510 2367 supputandisque

237 2395 317 2439 per
345 2378 571 2424 biennium
593 2379 799 2441 sequens:
826 2379 879 2424 de
897 2389 1047 2425 cetero
1068 2376 1219 2439 ipsase
1250 2376 1387 2435 colit,
1406 2392 1510 2420 um-

237 2452 313 2498 bra
351 2452 549 2500 stolones
580 2451 881 2515 supervacuos
905 2464 1131 2499 enecante.
1163 2450 1363 2499 Caeditur
1394 2449 1512 2498 intra
