1653 2797
223 179 307 224 ηδ
492 178 545 222 c.
594 175 855 244 P>L1N11
908 175 1285 227 SECUNDI

215 286 290 333 sua
317 284 462 332 Mauri
491 295 675 347 tegunt:
713 282 1011 347 proximeque
1044 283 1277 331 aestimanti
1307 286 1398 334 hoc
1424 287 1499 334 via

215 359 403 405 deantur
427 356 511 402 effe
530 392 544 416 ,
564 372 657 420 quo
687 355 900 403 inferiore
924 356 1019 402 Nili
1040 368 1166 419 parte
1186 357 1351 421 papyri
1374 358 1500 419 sunt,

216 428 310 476 usu,

279 504 441 552 LXXI.
463 503 546 549 Sed
573 500 799 550 frutectosi
819 502 992 567 generis
1016 503 1115 551 sunt
1133 502 1249 551 inter·
1274 506 1501 569 aquaticas

217 580 269 628 δε
297 579 423 637 rubi,
447 590 582 641 atque
612 578 810 624 sambuci
844 577 1023 641 fungosi
1055 580 1248 642 generis:
1284 580 1410 626 aliter
1431 594 1500 628 ta-

215 668 347 708 men,
377 668 510 714 quam
530 650 713 697 ferulae:
745 652 910 714 quippe
930 652 1028 714 plus
1057 653 1170 716 ligni
1200 655 1357 718 utique
1389 654 1499 702 sam-

213 726 349 772 buco,
369 725 439 771 Ex
473 740 559 788 qua
582 725 719 788 magis
750 740 963 771 canoram
992 725 1231 773 buccinam
1255 729 1500 793 tubamque

214 797 359 844 credit
388 795 567 860 pastor,
600 797 663 842 ibi
689 796 797 842 caesa
818 833 830 854 ‚
856 797 934 843 ubi
953 797 1177 861 gallorum
1201 811 1381 846 cantum
1404 800 1500 847 fru-

212 884 289 916 tex
312 870 387 916 ille
421 886 518 915 non
553 870 772 915 exaudiat.
809 869 928 916 Rubi
962 887 1092 917 mora
1116 871 1295 918 ferunt:
1326 875 1376 920 &
1406 874 1498 921 alio

212 961 373 1008 genere
401 942 734 990 similitudinem
763 944 875 990 rosae
893 978 906 1002 ,
933 945 1012 1008 qui
1040 958 1236 992 vocatur
1269 947 1499 1011 cynosba-

212 1030 298 1064 tos.
332 1016 538 1062 Tertium
566 1032 703 1080 genus
722 1017 906 1081 >Idaeum
941 1030 1115 1064 vocant
1140 1019 1292 1066 Graeci
1320 1037 1346 1066 a
1372 1020 1498 1068 loco.

211 1089 415 1136 Tenuius
450 1088 512 1134 est
549 1106 683 1152 quam
720 1102 898 1147 cetera,
938 1090 1281 1155 minoribusque
1326 1092 1495 1157 spinis,

210 1166 262 1211 &
290 1164 437 1210 minus
461 1164 656 1209 aduncis.
695 1164 798 1209 Flos
824 1163 917 1224 ejus
946 1177 1105 1211 contra
1132 1162 1419 1227 lippitudines
1437 1168 1496 1213 il-

209 1238 367 1285 linitur
398 1253 454 1283 ex
494 1237 651 1282 melle:
675 1238 725 1283 &
751 1238 844 1300 igni
879 1237 1019 1285 sacro.
1063 1239 1242 1285 Contra
1274 1238 1494 1287 stomachi

211 1328 395 1377 quoque
422 1311 534 1358 vitia
553 1311 721 1357 bibitur
753 1328 810 1357 ex
839 1329 968 1376 aqua.
1002 1312 1212 1358 Sambuci
1239 1312 1393 1360 acinos
1413 1314 1496 1361 ha-

209 1385 319 1431 bent
353 1384 506 1446 nigros
534 1396 666 1445 atque
686 1400 880 1445 parvos,
901 1384 1102 1429 humoris
1122 1384 1257 1442 lenti,
1282 1383 1502 1432 inficien-'.

211 1458 271 1503 do
300 1456 492 1503 maxime
519 1456 709 1518 capillo:
746 1456 824 1518 qui
846 1459 895 1503 &
915 1456 994 1519 ipfi
1027 1474 1141 1521 aqua
1168 1457 1343 1504 decoffi
1362 1446 1514 1506 man-¹*

212 1531 394 1576 duntur.
1192 1550 1194 1553 ’

282 1605 467 1651 LXXII.
488 1605 668 1651 Humor
693 1604 743 1649 &
762 1603 927 1650 cortici
944 1604 1158 1650 arborum
1184 1601 1272 1663 est,
1295 1605 1376 1669 qui
1395 1603 1492 1653 san-

207 1677 303 1742 guis
337 1694 488 1724 earum
518 1677 708 1740 intelligi
736 1677 868 1723 debet
886 1713 898 1735 ‚
919 1693 1015 1723 non
1036 1676 1154 1722 idem
1172 1679 1403 1725 omnibus:
1418 1680 1490 1725 Fi-

208 1752 272 1798 cis
305 1750 493 1797 lacteus:
522 1749 627 1796 huic
658 1750 713 1796 ad
740 1749 890 1796 caseos
911 1748 1166 1812 figurandos
1194 1751 1372 1814 coaguli
1402 1751 1489 1799 vis.

205 1821 377 1870 Cerafis
402 1820 656 1885 gummosus
672 1858 686 1878 ‚
706 1820 838 1866 ulmis
861 1820 1076 1866 salivosus
1100 1837 1110 1864 :
1137 1821 1282 1867 lentus
1308 1839 1359 1868 ac
1384 1817 1488 1884 pin-

208 1895 305 1958 guis
338 1894 492 1953 malis,
530 1894 699 1940 vitibus
735 1911 786 1940 ac
814 1893 920 1957 piris
958 1893 1162 1958 aquosus.
1210 1894 1486 1954 Vivaciora‚

209 1966 374 2029 quibus
404 1965 584 2012 lentior.
612 1968 759 2028 Atque
784 1965 831 2010 in
852 1976 1001 2010 totum
1033 1964 1218 2027 corpori
1246 1963 1488 2023 arborum,

206 2053 257 2084 ut
290 2038 567 2101 reliquorum
608 2036 899 2095 animalium,
928 2036 1042 2082 cutis
1061 2072 1076 2095 9
1109 2035 1313 2099 sanguis,
1348 2052 1487 2095 caro,

206 2111 365 2169 nervi,
385 2127 542 2168 venae,
569 2110 686 2169 offa,
713 2109 941 2168 medullae,
961 2126 1046 2172 pro
1074 2121 1174 2156 cute
1195 2120 1369 2156 cortex.
1399 2109 1486 2155 Mi-

205 2201 332 2230 rum:
367 2183 403 2229 is
422 2183 468 2229 in
495 2199 630 2229 moro
651 2182 836 2228 medicis
861 2182 1041 2230 succum
1059 2180 1359 2245 quaerentibus
1374 2217 1388 2239 ,
1406 2198 1486 2228 ve-

205 2274 252 2303 re
269 2292 283 2315 ‚
301 2257 417 2302 hora
448 2255 536 2302 diei
563 2254 783 2312 secunda,
812 2254 957 2317 lapide
992 2254 1182 2300 incuffus
1205 2265 1387 2300 manat:
1417 2253 1485 2299 al-

205 2330 294 2376 tius
320 2328 482 2376 stacius
515 2328 653 2374 siccus
686 2328 878 2374 videtur.
913 2327 1117 2373 Proximi
1141 2326 1361 2391 plerisque
1386 2327 1482 2373 adi-

204 2419 310 2465 pes:
342 2403 375 2448 ii
410 2414 638 2448 vocantur
682 2418 707 2447 a
743 2399 901 2447 colore
937 2400 1209 2446 alburnum:
1246 2400 1396 2446 mollis
1430 2417 1482 2446 ac

203 2475 384 2538 peffima
410 2491 511 2539 pars
543 2474 680 2539 ligni,
710 2474 843 2523 etiam
885 2474 931 2519 in
969 2473 1137 2520 robore
1168 2472 1296 2521 facile
1329 2484 1484 2535 putre-

1172 2625 1182 2643 N
