1653 2797
261 136 544 184 NATUR.
578 134 899 182 HISTOR.
933 135 1055 180 LIB.
1095 135 1247 183 XIX.
1318 152 1403 198 321

134 247 224 294 hoc
264 245 438 292 reditu?
474 242 738 305 montesque
774 242 884 288 mari
926 243 1163 306 oppositos
1196 244 1280 291 effe
1312 262 1408 301 non

132 319 195 368 est
230 318 361 379 satis,
395 321 445 365 &
469 334 492 363 a
524 316 658 361 latere
694 315 854 360 oceani
891 317 1067 364 obstare
1103 317 1247 381 ipsum
1285 320 1410 384 quod

133 404 308 441 vocant
332 391 494 438 inane?
515 388 737 446 Cadurci,
756 388 899 434 Caleti
914 426 928 447 ‚
946 391 1141 450 Ruteni,
1169 392 1411 458 Bituriges,

133 466 368 529 ultimique
399 463 641 510 hominum
666 462 903 509 existimati
932 464 1136 522 Morini,
1166 466 1308 513 immo
1333 485 1413 515 ve-

133 555 189 585 ro
216 538 375 585 Galliae
409 535 633 583 universae
663 533 766 583 vela
799 546 975 584 texunt.
1022 537 1114 583 Jam
1146 539 1328 601 quidem
1363 544 1415 590 &

133 603 465 657 Transrhenani
493 607 669 654 hostes:
706 624 788 655 nec
818 608 1129 672 pulchriorem
1163 611 1294 659 aliam
1326 632 1411 660 ve—

131 683 417 729 stemeorum
441 680 619 727 feminae
642 697 829 728 novere.
861 683 964 741 Qua
982 682 1292 730 admonitione
1311 685 1411 734 suc-

130 756 306 815 currit,
344 755 467 818 quod
489 757 552 800 M.
587 758 733 802 Varro
771 755 936 813 tradit,
967 755 1014 802 in
1047 757 1314 805 Seranorum
1344 760 1411 807 fa—

129 828 252 875 milia
280 826 545 891 gentilitium
570 826 681 885 effe,
710 826 896 874 feminas
919 827 1035 874 linea
1058 828 1179 875 veste
1209 847 1304 876 non
1329 833 1411 881 uti.

129 903 179 947 In
198 900 440 946 Germania
475 911 621 944 autem
652 900 808 946 defoffi
838 912 970 964 atque
991 900 1068 947 sub
1088 913 1202 949 terra
1229 903 1276 951 id
1294 922 1410 969 opus

130 983 284 1036 agunt.
319 971 531 1017 Similiter
560 973 609 1018 ὃς
642 971 689 1016 in
727 972 851 1017 Italia
880 972 1064 1035 regione
1095 974 1265 1022 Alliana
1292 978 1410 1026 inter

129 1046 296 1092 Padum
322 1045 623 1108 Ticinumque
655 1062 836 1104 amneS‚
866 1047 944 1092 ubi
973 1065 998 1093 a
1029 1049 1176 1095 Setabi
1202 1052 1331 1099 tertia
1361 1054 1409 1100 in

129 1120 311 1180 Europa
347 1117 442 1163 lino
472 1119 646 1180 palma:
674 1118 909 1166 secundam
932 1121 1052 1167 enim
1074 1122 1120 1167 in
1145 1123 1304 1171 vicino
1326 1125 1408 1171 Al-

128 1192 258 1240 lianis
293 1192 520 1255 capessunt
559 1191 812 1249 Retovina‚
849 1192 972 1239 &in
999 1193 1177 1240 AEmilia
1214 1196 1290 1242 via
1323 1200 1406 1243 Fa·-

128 1268 328 1313 ventina.
364 1266 576 1312 Candore
611 1264 798 1310 Allianis
826 1263 994 1327 semper
1024 1265 1170 1312 crudis
1192 1269 1407 1316 Faventi-

128 1359 184 1388 na
207 1340 535 1405 praeferuntur:
565 1339 806 1386 Retovinis
830 1339 1022 1386 tenuitas
1057 1339 1224 1387 summa
1261 1343 1406 1389 densi-

126 1414 274 1477 tasque
288 1449 301 1471 ‚
321 1412 490 1460 candor
512 1428 635 1474 aeque
654 1422 705 1457 ut
720 1412 999 1470 Faventinis,
1021 1412 1093 1459 sed
1114 1414 1281 1478 lanugo
1301 1417 1406 1462 nul-

126 1487 166 1532 la
183 1522 197 1544 ‚
228 1486 352 1549 quod
377 1485 492 1548 apud
521 1485 631 1530 alios
657 1485 867 1548 gra-tiam,
897 1486 1015 1548 apud
1048 1487 1160 1532 alios
1186 1488 1403 1535 offensio-

126 1576 227 1605 nem
258 1559 401 1604 habet.
449 1557 708 1603 Nervofitas
743 1556 823 1602 filo
855 1557 1072 1620 oequalior
1109 1575 1236 1621 paene
1268 1578 1401 1624 quam

125 1633 320 1690 araneis,
353 1630 661 1694 tinnitusque,
699 1648 801 1677 cum
836 1631 967 1678 dente
1004 1632 1141 1680 libeat
1178 1637 1400 1698 experiri:

125 1705 227 1750 ideo
256 1704 445 1767 duplex,
465 1721 599 1767 quam
624 1704 807 1763 ceteris,
829 1705 1036 1767 pretium.

209 1796 249 1824 2.
281 1781 336 1825 Et
368 1777 578 1840 Hispania
611 1777 793 1824 citerior
832 1779 964 1824 habet
1001 1777 1282 1840 splendorem
1321 1781 1403 1828 lini

124 1852 430 1916 praecipuum,
455 1853 668 1898 torrentis
703 1852 748 1897 in
771 1868 866 1915 quo
900 1850 1072 1913 politur
1099 1863 1255 1899 natura
1276 1889 1289 1909 ,
1324 1854 1403 1917 qui

125 1926 250 1973 alluit
280 1926 596 1972 Tarraconem.
634 1928 689 1971 Et
721 1925 913 1971 tenuitas
943 1923 1052 1970 mira
1071 1961 1084 1982 ‚
1114 1924 1176 1970 ibi
1208 1927 1403 1987 primum

126 1997 313 2044 carbasis
340 1996 542 2060 repertis.
577 1998 687 2043 Non
721 1998 890 2044 dudum
922 2014 978 2043 ex
1007 1997 1161 2044 eadem
1193 1997 1404 2061 Hispania

126 2068 357 2115 Zoelicum
390 2069 519 2115 venit
545 2068 591 2114 in
615 2068 810 2127 Italiam,
841 2069 978 2133 plagis
1001 2069 1290 2117 utiliffimum.
1321 2072 1404 2117 Ci-

126 2143 242 2188 vitas
276 2158 326 2187 ea
361 2141 588 2188 Gallaeciae
626 2144 675 2188 &
708 2158 883 2188 oceano
915 2142 1187 2206 propinqua.
1223 2143 1296 2189 Est
1329 2143 1401 2191 sua

125 2215 267 2278 gloria
288 2217 338 2262 &
361 2217 570 2262 Cumano
597 2216 643 2261 in
667 2216 942 2278 Campania,
963 2215 1018 2262 ad
1039 2215 1221 2279 piscium
1251 2219 1301 2263 δέ
1322 2218 1402 2263 ali·

123 2302 217 2336 tum
254 2302 494 2351 capturam,
538 2291 701 2336 Eadem
737 2291 787 2337 &
822 2289 959 2354 plagis
992 2291 1189 2337 materia.
1241 2292 1402 2355 Neque

125 2364 244 2408 enim
261 2364 455 2408 minores
477 2363 643 2409 cunffis
668 2362 930 2410 animalibus
946 2363 1144 2422 insidias,
1160 2380 1294 2426 quam
1318 2381 1401 2411 no-

124 2436 382 2498 bismetipsis
402 2437 497 2482 lino
517 2437 752 2484 tendimus.
795 2438 879 2484 Sed
894 2439 1111 2486 Cumanae
1130 2438 1272 2504 plagae
1292 2454 1402 2487 con·
1454 2482 1457 2483 γ

189 2514 232 2556 C.
262 2513 376 2557 Plin.
415 2515 511 2557 Vol.
548 2514 630 2557 Ill.
883 2516 908 2537 ¹*
1069 2514 1113 2558 X
