1653 2797
285 198 567 246 NATUR.
606 198 905 246 HISTOR.
939 201 1060 247 LIB.
1099 201 1225 248 XX.

120 323 222 353 men
248 319 395 353 autem
419 306 502 353 effe
531 306 584 353 ad
606 305 795 368 speciem
826 307 1120 370 scorpionum
1153 306 1291 357 cauda
1326 328 1398 357 re-

119 382 282 445 plexa,
320 380 393 427 sed
417 378 614 427 candida.
658 380 811 442 Aliqui
851 381 983 428 etiam
1013 382 1068 428 ab
1106 399 1161 429 eo
1192 382 1398 447 scorpio-

119 453 245 500 nium
272 453 496 500 cucumim
512 465 710 511 vocant,
730 453 1076 501 efficaciffimum
1101 468 1259 503 contra
1278 456 1399 504 scor-

118 527 309 592 pionum
335 525 443 573 icius
472 529 521 574 δε
548 525 712 572 semine
732 526 783 573 &
807 525 990 572 elaterio
1006 562 1020 584 ,
1046 529 1096 574 &
1116 529 1170 574 ad
1201 546 1396 593 purgan-

118 603 225 648 dum
242 611 417 647 uterum
447 598 678 663 alvosque.
713 599 877 646 Modus
908 599 1123 662 portione
1153 601 1323 649 virium
1342 603 1396 649 ab

118 671 308 719 dimidio
336 672 481 719 obolo
514 672 569 718 ad
588 669 794 720 solidum.
824 671 1065 734 Copiosius
1085 684 1224 720 necat.
1258 673 1329 720 Sic
1350 677 1399 721 &c

119 757 280 793 contra
310 745 575 809 phthiriasm
607 745 775 792 bibitur
793 764 806 791 ε
834 747 883 793 &
910 745 1193 810 hydropises.
1233 746 1398 793 Initum

116 820 299 884 anginas
325 823 375 868 &
404 819 584 867 arterias
606 835 706 866 cum
732 818 863 865 melle
883 819 933 865 &
958 817 1064 865 oleo
1081 829 1237 865 vetere
1263 817 1396 865 sanat..

182 893 262 939 IV.
293 893 430 940 Multi
449 893 571 939 hunc
591 890 675 938 effe
701 890 820 954 apud
849 907 934 937 nos
965 890 1043 954 qui
1072 891 1289 955 anguinus
1308 907 1397 938 vo-

116 978 271 1026 cetur,
315 968 371 1014 ab
396 967 507 1013 ·aliis
549 966 793 1024 erraticus,
832 964 1114 1013 arbitrantur.
1161 967 1274 1027 Quo
1313 965 1392 1011 de·-

117 1039 251 1086 cofto
282 1038 423 1102 sparsa
453 1055 599 1085 mures
637 1055 734 1085 non
754 1038 994 1102 attingunt.
1026 1038 1162 1085 fidem
1179 1039 1395 1103 podagris

117 1128 222 1158 cum
255 1111 431 1159 articuli
464 1111 636 1157 morbis
666 1110 899 1157 deco&um
935 1111 984 1156 in
1021 1124 1149 1158 aceto
1182 1109 1394 1169 illinunt,

114 1184 424 1248 praesentaneo
447 1184 661 1231 remedio.
696 1184 973 1230 Lumborum
1001 1199 1116 1230 vero
1149 1182 1300 1230 dolori
1327 1182 1394 1230 se-

115 1256 238 1303 mine
256 1256 361 1303 Sole
378 1257 544 1304 siccato
560 1294 574 1317 ‚
606 1257 708 1303 dein
733 1257 874 1316 trito,
906 1257 1087 1320 triginta
1107 1257 1392 1304 denariorum

115 1329 320 1392 pondere
350 1329 399 1376 in
423 1330 604 1377 hemina
634 1330 741 1377 dato
774 1347 915 1394 aquae.
944 1330 1075 1377 Sanat
1108 1331 1161 1377 ὅς’
1194 1341 1395 1377 tumores

115 1401 285 1450 subitos
308 1403 474 1450 illitum
492 1420 599 1451 cum·
617 1402 726 1450 lacte
750 1403 1000 1449 mulierum.
1027 1404 1195 1467 Purgat
1212 1420 1283 1450 cas
1308 1402 1392 1449 ela-

114 1473 292 1521 terium.
340 1474 425 1520 Sed
465 1474 666 1538 gravidis
704 1474 916 1521 abortum*
958 1473 1079 1521 facit.
1138 1473 1396 1536 Suspiriosis

113 1549 309 1611 prodest.
352 1550 524 1597 Morbo
564 1565 681 1597 vero
711 1548 842 1612 regio
873 1548 924 1594 in¹
959 1564 1087 1594 nares
1121 1546 1393 1608 conjectum.

114 1624 369 1688 Lentigines
388 1642 438 1672 ac
465 1622 661 1670 maculas
687 1639 712 1668 e
737 1621 848 1668 facie
875 1621 997 1668 tollit
1025 1621 1070 1668 in
1094 1621 1200 1668 Sole
1215 1621 1393 1668 initum.

181 1699 239 1745 V.
272 1697 409 1744 Multi
429 1697 583 1744 eadem
613 1695 767 1742 omnia
800 1694 951 1742 fativis
975 1695 1240 1743 attribuunt.
1270 1697 1395 1759 Mag-

115 1787 227 1816 num
258 1770 392 1817 etiam
422 1769 471 1816 in
498 1768 559 1816 eis
585 1780 889 1815 momentum.
921 1770 1129 1831 Namque
1151 1769 1204 1815 &
1230 1786 1392 1816 eorum

117 1842 289 1901 semen,
316 1853 539 1905 quantum
571 1854 659 1889 tres
692 1841 821 1905 digiti
852 1841 1257 1904 apprehenderint,
1291 1859 1394 1888 cum

118 1915 302 1962 cumino
336 1915 491 1962 tritum
511 1950 525 1973 ,
559 1925 809 1978 potumque
846 1916 895 1961 in
932 1914 1079 1974 vino,
1113 1915 1393 1962 tuffientibus

118 1987 369 2034 auxiliatur.
407 1987 494 2034 Sed
518 1988 570 2035 &
588 1986 847 2049 phreniticis
873 1986 920 2034 in
947 1987 1061 2033 laste
1088 1987 1300 2044 mulieris.
1339 1989 1396 2034 Et

118 2059 410 2124 dysentericis
446 2058 668 2107 acetabuli
706 2058 923 2107 mensura.
969 2059 1212 2107 purulenta
1246 2072 1395 2107 autem

118 2133 467 2197 exspuentibus,
498 2150 603 2181 cum
633 2133 820 2180 cumino
851 2132 948 2197 pari
982 2134 1209 2196 pondere,
1245 2135 1295 2182 δε
1320 2134 1395 2196 jo-

119 2206 281 2254 cineris
305 2206 430 2253 vitiis
450 2206 498 2253 in
530 2222 647 2270 aqua
667 2204 817 2252 mulsa.
849 2205 1038 2252 Urinam
1069 2217 1229 2253 movet
1249 2223 1306 2253 ex
1326 2208 1396 2253 vi-

119 2296 183 2325 no
217 2278 368 2339 dulci,
401 2280 452 2327 &
496 2280 543 2325 in
582 2296 739 2326 renum
772 2278 933 2326 dolore
968 2278 1233 2343 clysteribus
1269 2280 1397 2328 simul

122 2366 225 2396 cum
253 2350 436 2404 cumino
463 2347 728 2396 infunditur.

184 2417 256 2461 VI.
290 2415 494 2478 Pepones
521 2414 599 2477 qui
628 2425 881 2474 vocantu-r,
911 2415 1179 2478 refrigerant
1206 2416 1397 2462 maxime

121 2487 168 2534 in
199 2487 336 2547 cibo,
361 2489 415 2536 &
432 2487 671 2535 emolliunt
686 2488 854 2537 alvum..
875 2490 997 2536 Car-o
1022 2504 1189 2533 eorum·
1205 2485 1400 2549 epipho-

1007 2563 1047 2607 A
1073 2578 1095 2606 a
1126 2578 1150 2623 3

1341 220 1396 265 73·
