1653 2797
217 184 326 251 ,³156
492 186 547 233 C.
597 185 863 234 PLINII
906 186 1284 235 SECUNDI

231 311 289 341 co
314 291 499 340 eodem?
532 295 628 341 Nec
648 293 876 342 luxuriosa
906 295 1069 359 pabula
1088 293 1270 359 pinguis
1299 295 1383 343 soli
1401 292 1509 343 sem-

229 383 311 430 per
349 366 566 414 indicium
602 368 808 415 habent:
855 386 957 416 nam
995 370 1103 434 quid
1139 369 1358 419 laudatius
1391 373 1508 419 Ger-

231 441 391 486 maniae
423 440 634 504 pabulis?
670 445 718 491 &
753 454 901 490 tamen
932 443 1076 491 statim
1109 443 1292 492 subest
1281 434 1413 492 arena
1441 457 1509 492 te-

230 511 443 559 nuiffimo
477 509 692 577 cespitum
725 515 869 561 corio.
906 516 1003 563 Nec
1040 515 1210 580 semper
1248 516 1414 580 aquosa
1450 516 1513 563 est

230 594 376 642 terra,
407 584 478 631 cui
510 585 758 647 proceritas
783 587 1047 634 herbarum:
1083 604 1176 634 non
1196 588 1397 636 hercules
1420 606 1513 635 ma-

228 656 296 720 gis
313 693 325 714 ‚
359 675 492 721 quam
521 659 729 723 pinguis,
761 659 991 706 adhaerens
1016 659 1198 724 digitis,
1225 662 1353 726 quod
1376 662 1422 708 in
1447 679 1513 708 ar-

228 730 344 794 gillis
372 733 583 795 arguitur.
608 732 800 779 Scrobes
827 732 1008 795 quidem
1029 732 1198 798 regesta
1216 734 1263 780 in
1291 752 1372 783 eos
1391 735 1514 782 nulla

229 807 460 869 complet,
495 819 544 852 ut
566 806 696 853 densa
726 818 860 870 atque
881 824 976 853 rara
1006 807 1061 853 ad
1088 807 1211 855 hunc
1232 809 1420 856 modum
1439 809 1513 856 de-

229 879 446 942 prehendi
474 878 637 941 poffit:
666 878 878 942 ferroque
907 879 1057 926 omnis
1080 879 1333 943 rubiginem
1365 880 1514 929 obdu-

229 952 304 998 cit.
328 953 371 997 N
375 969 424 998 ec
442 951 590 1015 gravis
611 964 684 999 aut
710 952 862 1001 levior
883 952 1001 1015 justo
1023 953 1374 1017 deprehenditur
1393 971 1516 1017 pon-

230 1025 365 1071 dere:
412 1025 539 1088 quod
580 1026 699 1073 enim
731 1027 910 1089 pondus
952 1042 1082 1074 terrae
1122 1026 1286 1088 justum
1321 1025 1518 1094 intelligi

229 1097 411 1161 potest?
449 1100 546 1146 Nec
573 1098 831 1148 fluminibus
863 1100 1035 1165 aggesta
1065 1100 1236 1164 semper
1260 1102 1516 1161 laudabilis,

232 1170 417 1232 quando
461 1170 686 1217 senescant
727 1171 813 1218 sata
846 1172 1051 1236 quaedam
1085 1190 1212 1236 aqua.
1249 1174 1335 1220 Sed
1370 1191 1518 1238 neque

230 1242 306 1289 illa
338 1260 437 1306 quae
465 1243 704 1302 laudatur,
734 1244 838 1300 diu,
869 1256 1168 1307 praeterquam
1201 1244 1359 1305 salici,
1392 1246 1517 1293 utilis

230 1317 432 1367 sentitur.
475 1321 593 1365 Inter
628 1332 888 1383 argumenta
931 1318 1101 1382 stipuiae
1148 1319 1384 1368 crassitudo
1418 1319 1518 1378 est,

230 1401 350 1437 tanta
378 1392 548 1453 alioqui
587 1391 634 1437 in
668 1391 899 1437 Laborino
929 1390 1190 1454 Campaniae
1222 1391 1367 1438 nobili
1396 1409 1516 1441 cam-

231 1481 325 1527 po,
361 1479 411 1510 ut
446 1464 555 1526 ligni
587 1463 690 1510 vice
722 1475 934 1510 utantur:
971 1463 1045 1510 sed
1083 1463 1202 1510 idem
1232 1463 1380 1511 solum
1417 1465 1518 1512 ubi-

234 1554 414 1600 cunque
448 1537 634 1583 arduum
662 1552 800 1599 opere
820 1572 833 1593 ‚
863 1536 1044 1583 difficile
1073 1537 1235 1595 cultu3
1266 1539 1400 1586 bonis
1430 1537 1521 1586 suis

234 1612 379 1659 acrius
409 1630 560 1675 paene,
585 1629 717 1676 quam
746 1611 868 1658 vitiis
896 1612 1066 1673 posset,
1087 1612 1241 1675 affligit
1259 1614 1519 1676 agricolam.

234 1687 293 1731 Et
325 1686 619 1732 carbunculus
652 1701 792 1742 terra,
825 1702 927 1748 quae
945 1684 1016 1730 ,ita
1044 1700 1236 1731 vocatur
1254 1721 1270 1742 ,
1293 1686 1521 1734 emendari

235 1759 332 1804 vite
365 1776 511 1805 macra
543 1769 732 1820 putatur.
767 1758 882 1804 Nam
911 1756 1033 1803 tofus
1055 1756 1206 1804 scaber
1232 1770 1388 1805 natura
1417 1757 1519 1805 fria-

235 1831 362 1890 bilis,
386 1830 614 1894 expetitur
641 1846 825 1894 quoque
856 1830 911 1876 ab
940 1830 1211 1878 aucloribus.
1228 1831 1441 1895 Virgilius
1471 1835 1522 1882 δε

237 1921 338 1967 quae
370 1903 533 1951 filicem
570 1903 710 1963 ferat,
746 1920 843 1951 non
876 1903 1104 1967 improbat
1142 1903 1325 1952 vitibus.
1368 1905 1525 1952 Salsae-

237 1994 328 2038 que
361 1993 492 2023 terrae
525 1976 665 2023 multa
701 1975 860 2023 melius
897 1976 1166 2034 creduntur,
1194 1977 1362 2024 tutiora
1389 1995 1413 2025 a
1445 1979 1523 2026 vi·-

239 2038 312 2094 tiis
341 2049 667 2096 innascentium
690 2048 959 2095 animalium.
996 2049 1092 2095 Nec
1117 2047 1257 2096 colles
1276 2065 1414 2112 opere
1439 2067 1522 2097 nu-

239 2122 436 2179 dantur,
461 2122 492 2167 si
527 2121 626 2185 quis
666 2121 806 2184 perite
842 2120 999 2167 fodiat.
1038 2121 1137 2166 Nec
1174 2120 1320 2183 campi
1362 2138 1520 2168 omnes

241 2195 387 2244 minus
409 2195 534 2242 Soles
570 2208 703 2258 atque
731 2194 940 2258 perflatus
959 2230 972 2253 ‚
998 2204 1131 2257 quam
1161 2210 1275 2257 opus
1300 2194 1374 2254 fit,
1407 2194 1524 2242 acci-

241 2272 386 2337 piunt.
423 2274 480 2318 Et
514 2271 723 2336 quasdam
756 2272 926 2335 pruinis
963 2288 1012 2318 ac
1045 2270 1219 2317 nebulis
1258 2268 1376 2333 pasci
1409 2268 1522 2315 dixi-

221 2362 339 2392 ·mus
372 2346 502 2393 vites.
536 2345 759 2394 Omnium
792 2362 939 2391 rerum
978 2344 1078 2391 suut
1116 2343 1320 2407 quaedam
1347 2341 1394 2389 in
1427 2341 1524 2387 alto

242 2416 433 2475 secreta,
466 2421 515 2466 δε
546 2417 625 2482 suo
657 2418 819 2481 cuique
854 2416 991 2464 corde
1023 2415 1313 2481 pervidenda.

309 2490 437 2551 Quid
468 2491 594 2556 quod
624 2502 850 2538 mutantur
887 2490 999 2555 saepe
1030 2489 1224 2552 judicata
1251 2503 1432 2553 quoque
1469 2503 1527 2536 ac
