1653 2797
224 162 516 212 NATUR.
553 157 1026 206 HlsTOR.L113.
1066 155 1191 203 XX.
1292 171 1378 215 401

102 284 264 322 movet
279 309 294 333 ,
316 274 366 320 &
384 268 690 319 distillationes
711 281 894 328 quoque
922 265 1057 328 capiti
1075 264 1266 312 illinunt
1286 266 1387 311 vul-

104 366 183 396 vas
207 360 364 411 purgat
384 347 432 391 in
455 342 558 390 cibo
576 376 590 397 ‚
610 356 666 385 ex
689 351 832 385 aceto.
857 341 1080 385 Verrucas
1104 338 1250 385 mixto
1271 351 1391 386 atra-

104 434 261 469 mento
281 418 454 466 sutorio
472 413 606 461 tollit.
637 414 862 458 Venerem
885 410 1090 457 stimulat.
1127 412 1233 458 Ideo
1255 412 1391 459 etiam

108 495 238 560 equis
254 491 471 553 asinisque
486 526 499 547 ‚
521 487 766 534 admiss'urae
784 498 990 547 tempore
1016 486 1244 548 ingeritur.

172 565 371 614 Silvestri
402 562 556 609 ocimo
592 559 663 604 vis
693 557 921 604 efficacior
953 557 1009 601 ad
1034 557 1182 603 eadem
1210 559 1394 608 omnia:

105 638 345 705 peculiaris
363 635 416 682 ad
437 634 572 690 vitia,
599 649 701 692 quae
732 629 1066 677 vomitionibus
1086 631 1251 677 crebris
1283 650 1396 680 con-

107 713 359 760 trahuntur.
380 705 672 768 Vomicisque
691 703 848 750 vulvae
862 735 876 757 ‚
892 714 1138 767 contraque
1158 704 1395 754 bestiarum

107 785 284 834 morsus
304 801 328 831 e
348 784 464 829 vino
487 781 636 828 radice
657 779 965 825 efficaciffima.
1330 774 1336 780 ’

175 859 337 907 XLIX.
354 860 513 904 Erucae
526 855 672 901 semen
685 852 977 915 scorpionum
994 853 1181 901 venenis
1195 854 1397 903 &muris

111 932 261 981 aranei
276 930 493 978 medetur.
512 926 723 974 Bestiolas
738 942 897 972 omnes
912 926 1190 975 innascentes
1211 928 1400 991 corpori

112 1019 248 1055 arcet.
286 1004 406 1050 Vitia
424 1002 537 1050 cutis
563 1002 610 1046 in
630 999 743 1046 facie
767 1016 868 1047 cum
888 1001 1020 1047 melle
1041 1001 1220 1049 illitum.
1240 1002 1399 1049 Lenti-

110 1081 238 1146 gines
256 1096 312 1125 ex
329 1089 473 1124 aceto.
495 1074 740 1122 Cicatrices
771 1075 918 1137 nigras
941 1075 1113 1122 reducit
1143 1076 1198 1123 ad
1225 1078 1400 1124 cando-

113 1169 212 1202 rem
232 1169 335 1200 cum
357 1149 460 1196 felle
478 1147 664 1194 bubulo.
691 1145 831 1209 Ajunt
852 1147 1042 1194 verbera
1071 1147 1280 1197 subituris
1309 1167 1401 1214 po-

115 1239 215 1274 tum
241 1242 297 1272 ex
319 1223 434 1269 vino
462 1220 670 1267 duritiam
700 1220 923 1282 quandam
957 1233 1117 1268 contra
1142 1221 1313 1268 sensum
1332 1223 1404 1268 in-

117 1299 297 1346 ducere.
331 1297 381 1341 In
411 1291 675 1340 condiendis
705 1291 907 1338 obsoniis
935 1304 1057 1339 tanta
1086 1292 1147 1339 est
1178 1293 1406 1353 suavitas,

118 1381 170 1418 ut
203 1367 357 1415 Graeci
389 1381 615 1412 euzomon
652 1364 993 1427 appellaverint.
1027 1366 1190 1412 Putant
1223 1365 1406 1414 subtrita

119 1459 258 1489 eruca
278 1441 311 1488 fi
329 1440 575 1487 foveantur
595 1438 718 1484 oculi
736 1474 750 1495 ‚
780 1438 1024 1484 claritatem
1044 1438 1212 1484 restitui
1231 1457 1241 1485 :
1259 1440 1406 1487 tuffim

116 1516 362 1564 infantium
379 1513 531 1561 sedari.
565 1513 711 1559 Radix
738 1511 831 1573 ejus
855 1513 903 1558 in
925 1530 1040 1576 aqua
1059 1513 1243 1559 decofta
1272 1513 1410 1562 fradta

118 1590 215 1636 offa
242 1587 454 1636 extrahit.
492 1589 609 1633 Nam
626 1587 679 1631 de
697 1589 874 1632 Venere
898 1585 1161 1633 stimulanda
1178 1587 1371 1635 diximus
1392 1607 1404 1636 ε

118 1662 207 1709 tria
225 1660 336 1707 folia
362 1659 569 1706 filvestris
587 1674 732 1705 erucae
742 1657 929 1729 finistra
953 1676 1091 1706 manu
1108 1660 1316 1725 decerpta
1327 1665 1410 1722 ,δε

119 1735 253 1791 trita,
272 1734 320 1780 in
338 1750 454 1797 aqua
473 1731 611 1778 mulsa
632 1731 663 1777 fi
682 1731 906 1778 bibantur.

189 1811 239 1855 L.
259 1811 295 1855 E
310 1806 541 1854 contrario
560 1806 827 1853 nasturtium
845 1809 1068 1853 Venerem
1090 1806 1261 1855 inhibet
1278 1845 1292 1867 ‚
1314 1808 1415 1855 ani-

123 1899 249 1930 mum
269 1881 445 1928 exacuit
460 1917 473 1938 ‚
493 1892 542 1926 ut
569 1879 775 1926 diximus.
797 1880 909 1926 Duo
931 1879 1024 1941 ejus
1041 1898 1214 1944 genera.
1241 1883 1414 1929 Alvum

124 1967 316 2020 purgat,
348 1953 538 1999 detrahit
571 1952 705 1998 bilem
732 1964 891 2015 potum
916 1953 961 1998 in
984 1972 1098 2018 aqua
1132 1970 1167 2001 Χ
1197 1956 1414 2019 pondere.

129 2030 250 2075 Cum
279 2026 484 2073 lomento
516 2023 692 2071 strumis
723 2024 914 2082 illitum,
931 2041 1234 2092 opertumque
1262 2029 1418 2075 braffi—

130 2111 184 2148 ca
202 2138 216 2158 ‚
236 2099 446 2163 praeclare
468 2097 686 2145 medetur.
727 2099 930 2144 Alterum
960 2099 1020 2145 est
1055 2101 1221 2165 nigrius
1238 2138 1255 2160 ,
1291 2101 1417 2165 quod

128 2175 287 2238 capitis
307 2173 421 2220 vitia
443 2184 615 2236 purgat.
652 2172 810 2220 Visum
837 2187 1115 2238 compurgat.
1147 2178 1418 2223 Commotas

125 2260 299 2295 mentes
335 2247 454 2294 sedat
493 2264 548 2294 ex
578 2259 708 2294 aceto
757 2247 962 2295 sumtum.
1000 2250 1185 2297 Lienem
1218 2269 1274 2297 ex
1306 2252 1421 2298 vino

130 2333 292 2385 potum
310 2357 324 2378 ,
354 2320 431 2366 vel
452 2337 555 2368 cum
573 2319 678 2368 fico,
702 2320 873 2369 Tuffim
900 2339 957 2369 ex
980 2324 1110 2371 melle
1131 2361 1143 2383 ‚
1163 2324 1194 2370 fi
1215 2327 1420 2388 quotidie

129 2393 270 2457 jejuni
297 2394 480 2440 sumant.
505 2396 667 2440 Semen
687 2411 744 2440 ex
773 2394 889 2443 vino
916 2397 1070 2444 omnia
1102 2399 1420 2448 intestinorum

131 2468 340 2516 animalia
364 2468 516 2530 pellit:
537 2470 765 2518 efficacius
785 2471 939 2519 addito
958 2473 1217 2522 mentastro,
1238 2475 1419 2523 Prodest

220 2545 263 2589 C.
283 2545 401 2589 Ptin.
429 2547 529 2591 Vol.
555 2546 644 2590 III.
811 2546 835 2572 ’Ψ
1049 2546 1090 2592 C
1109 2563 1134 2594 c
