1653 2797
292 167 577 218 NATUR.
615 166 933 216 HisrTOR.
971 171 1095 219 Lm.
1134 172 1289 218 xvi.
1377 190 1466 237 ης,

169 274 462 323 Tarentinam
499 292 597 323 eam
631 273 855 337 appellet:
906 278 1074 338 credo,
1109 279 1234 344 quod
1268 281 1465 344 primum

167 363 225 395 eo
251 349 442 395 venerit.
472 350 528 394 Et
546 347 593 392 in
612 346 795 393 AEnaria
818 345 981 396 succisa
999 353 1281 414 regerminat.
1310 354 1393 400 Sed
1414 354 1463 402 in

169 421 308 468 Creta
346 435 622 484 quoeunque
661 419 708 465 in
746 418 855 468 loco
900 432 1065 468 terram
1103 426 1307 473 moverit
1339 426 1467 490 quis—-

168 494 312 562 piam,
341 493 392 540 vi
419 492 612 540 naturali
641 492 742 540 haeo
773 492 996 556 gignitur,
1018 497 1315 562 protinusque
1347 500 1464 547 emi-

168 581 265 617 cat:
293 567 369 614 illa
389 584 505 616 vero
527 568 658 615 etiam
691 584 787 614 non
821 569 1049 632 appellato
1080 569 1204 630 solo,
1239 589 1289 619 ac
1324 573 1465 636 spon-

167 653 244 699 te,
279 640 561 705 maximeque
598 641 645 686 in
681 639 807 687 Idaeis
843 642 1102 700 montibus,
1136 645 1187 692 &
1222 662 1340 709 quos
1381 647 1463 692 Al-

164 714 251 762 bos
286 726 484 772 vocant,
529 713 795 777 summisque
837 713 952 778 jugis
971 751 986 774 ‚
1020 717 1140 765 unde
1176 718 1308 766 nives
1341 736 1467 765 nun-2.

165 803 302 850 quam
330 787 522 845 absunt,
554 787 776 849 plurima,
806 788 932 851 quod
950 788 1195 837 miremur:
1225 790 1331 838 alibi
1363 807 1461 837 non

166 859 251 910 nifi,
278 859 325 905 in
346 871 505 921 tepore
534 859 812 922 proveniens
830 894 846 917 2
878 860 929 911 &
956 861 1176 911 nutricem
1207 879 1461 928 magnope-

168 947 216 976 re
248 930 490 981 fastidiens,

234 1004 349 1053 LXI.
381 1003 479 1049 Nec
508 1015 637 1050 terrae
665 1016 837 1052 tantum
867 1016 1026 1052 natura
1054 1005 1175 1053 circa
1205 1006 1283 1054 has
1302 1008 1463 1069 refert,

167 1088 245 1123 aut
271 1088 488 1140 perpetua
524 1078 649 1135 caeli,
686 1095 847 1125 verum
883 1080 931 1126 &
952 1080 1159 1142 quaedam
1191 1083 1467 1144 temporaria

169 1149 242 1196 vis
277 1150 505 1200 imbrium..
544 1153 689 1214 Aquae
726 1151 997 1216 plerumque
1038 1153 1204 1201 semina
1240 1154 1466 1203 afferunt:

170 1226 221 1272 δεῖ
240 1237 367 1272 certo
388 1224 536 1272 fluunt
553 1242 715 1288 genere
730 1262 748 1284 ,⁷
765 1226 1007 1291 aliquando
1034 1228 1168 1275 etiam
1194 1227 1433 1291 incognito
1448 1245 1464 1275 ε

168 1298 296 1362 quod
324 1297 489 1345 accidit
511 1298 781 1362 Cyrenaicae
815 1299 1020 1364 regioni,
1057 1317 1158 1347 cum
1184 1300 1379 1363 primum
1398 1301 1464 1348 ibi

168 1371 442 1435 laserpitium
467 1384 617 1419 natum
651 1373 740 1422 est:
774 1383 824 1419 ut
851 1372 900 1420 in
927 1373 1167 1419 herbarum
1202 1385 1362 1419 natura
1392 1373 1463 1419 di-

168 1460 339 1492 cemus,
375 1445 491 1491 Nata
539 1443 601 1491 est
640 1444 690 1492 δε
731 1443 843 1494 silva
878 1444 983 1491 urbi
1017 1444 1059 1490 ei
1089 1446 1335 1511 proxima,
1373 1446 1462 1492 im-

168 1517 248 1565 bre
275 1517 409 1580 piceo
440 1516 700 1580 crassoque,
734 1515 916 1565 circiter
949 1516 1072 1565 urbis
1101 1518 1264 1565 Romae
1292 1535 1465 1566 annum

170 1603 440 1637 ccccxxx.

233 1665 368 1712 LXII.
400 1663 546 1710 Edera'
569 1661 658 1725 jam
689 1661 856 1710 dicitur
881 1661 929 1708 in
953 1661 1053 1709 Asia
1075 1660 1195 1709 nasci
1218 1679 1228 1708 :
1260 1677 1467 1726 negave-v-

166 1749 236 1785 rat
270 1737 643 1801 Theophrastus:
688 1753 771 1784 nec
806 1736 855 1783 in
897 1736 1055 1794 India,
1100 1735 1182 1782 nifi
1221 1735 1268 1781 in
1303 1750 1464 1784 monte

172 1813 321 1861 Mero.
360 1810 491 1872 Quin
521 1813 572 1860 &
597 1810 846 1874 Harpalum
877 1808 1006 1856 omni
1035 1809 1177 1856 modo
1213 1809 1465 1869 laboraffe,

173 1898 225 1932 ut
244 1885 405 1932 sereret
433 1902 530 1931 eam
551 1886 599 1932 in
625 1883 769 1932 Medis
785 1920 799 1942 ‚
818 1883 978 1930 flustra
999 1901 1010 1930 :
1050 1882 1361 1930 Alexandrum
1383 1900 1467 1930 ve-

175 1979 230 2008 ro
260 1960 322 2007 ob
352 1958 577 2006 raritatem
613 1959 674 2006 ita
712 1970 938 2006 coronato
975 1957 1209 2015 exercitu,
1240 1958 1467 2006 vistorem

175 2052 232 2081 ex
276 2032 400 2081 India
436 2032 644 2091 rediiffe,
678 2031 889 2094 exemplo
927 2029 1077 2077 Liberi
1112 2029 1284 2093 patris:
1322 2030 1468 2092 'cujus

174 2106 269 2154 Dei
309 2108 358 2154 &
403 2122 527 2152 nunc
569 2105 759 2151 adornat
804 2103 1016 2169 thyrsos,
1051 2101 1285 2168 galeasque
1330 2103 1468 2150 etiam
1524 2096 1526 2101 ’

178 2195 231 2227 ac
274 2176 398 2225 scuta
424 2213 438 2236 ,
475 2177 522 2223 in
572 2177 780 2224 Thraciae
825 2175 1012 2239 populis
1035 2211 1050 2234 ‚
1094 2175 1142 2222 in
1188 2174 1470 2223 solemnibus

175 2251 325 2300 sacris,
371 2250 558 2298 Inimica
595 2250 778 2308 arbori,
807 2247 992 2313 satisque
1026 2247 1273 2294 omnibus:
1313 2246 1468 2309 sepul-

178 2343 282 2383 cra,
314 2340 472 2371 muros
509 2341 753 2387 rumpens:
795 2322 1068 2387 serpent—ium
1109 2319 1269 2384 frigori
1307 2318 1471 2384 gratis-
1538 2366 1540 2369 ,

175 2397 282 2445 fima
301 2433 316 2454 ,
350 2408 401 2443 ut
428 2394 594 2443 mirum
631 2396 683 2442 fit
715 2396 861 2443 ullum
903 2395 1128 2441 honorem
1166 2392 1369 2439 habitum
1406 2393 1466 2440 ei.²

240 2472 354 2519 Duo
393 2486 554 2535 genera
585 2467 679 2531 ejus
710 2471 878 2533 prima,
914 2482 965 2515 ut
998 2468 1301 2529 reliquarum,
1334 2483 1425 2515 mas
1446 2501 1467 2523 a

1102 2542 1143 2587 H
1178 2559 1208 2600 4
