1653 2797
1388 51 1397 71 ‹=

197 162 495 218 NATUR.
534 157 839 208 HISTOR.
873 161 997 208 LIB.
1041 159 1235 207 XVII.
1311 177 1392 222 191

120 270 308 318 dicatur.
325 273 382 318 At
398 269 582 317 densitas
602 283 877 330 gemmarum
891 303 905 326 ‚
926 267 1163 316 fertilitatis
1182 265 1399 316 indicium

122 343 198 390 est.
247 344 445 404 Quidam
472 339 556 387 seri
585 350 772 398 vetant,
801 339 882 385 nisi
915 356 994 388 eos
1023 340 1104 404 qui
1131 340 1402 401 floruerint,

122 416 338 464 surculos.
370 414 555 477 Sagittas
589 410 731 458 serere
759 411 906 458 minus
936 413 1070 471 utile,
1103 415 1322 477 quoniam
1352 416 1402 462 in

123 486 429 536 transferendo
466 482 598 530 facile
629 482 854 546 rumpitur
886 484 1010 547 quod
1046 485 1267 534 intortum
1303 488 1402 535 fuit.

123 562 337 608 Seruntur
355 556 528 621 pedali,
549 571 644 601 non
660 555 898 602 breviores
912 590 924 613 ,
949 553 1253 620 longitudine,
1274 561 1404 622 quin-

125 650 212 698 que
239 632 376 678 sexve
411 630 655 676 nodorum.
690 628 929 676 pauciores
963 628 1104 677 tribus
1134 632 1318 693 gemmis
1356 633 1404 679 in

125 706 210 753 hac
229 701 432 751 mensura
461 701 545 748 effe
573 717 670 746 non
706 711 936 763 poterunt.
967 700 1103 748 Inferi
1125 703 1285 749 eodem
1303 704 1406 765 die,

124 794 220 843 quo
249 777 548 839 deputentur,
575 773 864 821 utiliffimum.
903 773 948 819 Si
974 774 1119 821 multo
1141 776 1295 839 postea
1326 795 1407 824 ne-

125 849 240 897 ceffe
265 849 318 895 fit
345 846 486 894 serere
519 844 769 893 custoditos
789 882 804 904 ‚
840 845 905 891 uti
928 847 1249 909 praecepimus,
1273 866 1409 896 cave-

126 923 167 971 ri
195 922 350 985 utique
369 956 383 980 ,
404 936 460 966 ne
489 931 615 967 extra
646 931 811 967 terram
837 917 973 980 positi
1000 919 1105 965 Sole
1136 919 1408 981 inarescant,

128 1007 335 1044 ventove
378 1004 454 1040 aut
491 989 658 1055 frigore
700 989 983 1036 hebetentur.
1023 991 1118 1051 Qui
1153 992 1318 1040 diutius
1360 995 1410 1041 in

128 1061 249 1117 sicco
278 1067 444 1114 fuerint
464 1103 478 1126 ‚
513 1067 638 1130 prius
671 1082 805 1130 quam
840 1064 1068 1126 serantur,
1098 1065 1144 1111 in
1174 1084 1287 1132 aqua
1312 1069 1410 1131 plu-

129 1140 251 1188 ribus
285 1139 440 1185 diebus
470 1137 762 1186 revirescant.

197 1231 243 1274 4.
274 1212 432 1260 Solum
459 1212 660 1275 apricum
684 1213 734 1259 &
767 1227 901 1275 quam
927 1211 1240 1274 amplissimum
1272 1213 1319 1261 in
1348 1213 1415 1262 se-

131 1286 326 1336 minario
341 1322 354 1344 ‚
377 1285 470 1332 five
500 1284 546 1330 in
568 1284 699 1332 vinea
713 1320 727 1342 ,
745 1283 924 1330 bidente
944 1282 1152 1345 pastinari
1172 1284 1302 1332 debet
1321 1297 1415 1334 ter-

133 1377 219 1408 nos
247 1359 383 1423 pedes
413 1356 582 1420 bipalio
601 1357 717 1403 alto:
744 1373 888 1402 marra
910 1354 1034 1418 rejici
1051 1358 1318 1419 quaternum
1340 1376 1417 1421 pe-

134 1432 245 1479 dum
273 1430 529 1488 fermento,
561 1429 621 1475 ita
654 1441 704 1476 ut
740 1428 788 1474 in
823 1429 955 1491 pedes
992 1428 1124 1474 binos
1158 1428 1269 1476 foffa
1303 1448 1416 1493 pro*

136 1506 276 1554 cedat.
295 1504 486 1552 'Foffum
508 1503 715 1566 purgari,
743 1503 793 1548 &
818 1501 1033 1561 extendi,
1059 1518 1114 1547 ne
1144 1503 1329 1550 crudum
1348 1522 1420 1552 re-

138 1581 386 1642 linquatur:
406 1593 566 1623 verum
582 1577 632 1624 &
645 1575 763 1638 exigi
782 1574 999 1621 mensura.
1015 1574 1133 1621 Male
1151 1575 1420 1637 pastinatum

137 1653 478 1717 deprehendunt
506 1650 679 1697 scamna
698 1649 948 1713 inaequalia.
969 1649 1196 1697 Metienda
1219 1650 1281 1698 est
1300 1654 1351 1700 &
1371 1671 1420 1701 ea

139 1745 272 1792 pars,
299 1743 397 1789 quae
431 1723 664 1786 interjacet
698 1724 891 1786 pulvini.
928 1724 1340 1778 Surculi.seruntur
1372 1732 1424 1777 &

141 1804 190 1849 in
211 1801 368 1849 scrobe
392 1801 443 1847 &
467 1799 514 1845 in
544 1798 671 1845 sulco
699 1799 933 1862 longiore,
965 1798 1095 1862 super
1126 1817 1242 1863 quos
1270 1813 1421 1849 tener*

142 1876 256 1923 rima
285 1876 506 1939 ingeritur
527 1886 655 1922 terra.
681 1876 767 1921 Sed
790 1877 836 1921 in
861 1872 1016 1938 gracili
1036 1875 1134 1921 solo
1154 1875 1337 1938 frustra,
1357 1879 1424 1924 ni-

145 1948 177 1994 fi
211 1948 425 1995 substrato
451 1948 702 2012 pinguiore.
738 1949 836 1994 Nec
866 1947 1012 1994 minus
1052 1965 1185 2011 quam
1213 1949 1326 1997 duos
1351 1951 1425 1997 in-

145 2022 234 2085 tegi
253 2033 462 2084 oportet,
496 2024 546 2069 &
575 2021 830 2084 proximam
862 2021 1022 2086 attingi
1050 2034 1233 2068 terram:
1264 2025 1424 2072 eodem

148 2094 318 2159 paxillo
355 2095 545 2158 deprimi
583 2097 633 2142 &
670 2095 847 2158 spissari.
885 2095 1088 2141 Intereffe
1126 2095 1172 2141 in
1202 2095 1426 2158 plantario

150 2168 424 2231 sesquipedes
461 2168 578 2215 inter
611 2168 716 2215 bina
749 2168 915 2214 semina
947 2169 993 2214 in
1029 2167 1337 2230 latitudinem,
1378 2171 1425 2216 in

151 2240 476 2304 longitudinem
496 2241 698 2288 semisses.
718 2244 780 2287 Ita
801 2241 917 2289 satos
937 2242 1174 2290 malleolos
1197 2256 1358 2307 quarto
1376 2247 1426 2292 &

153 2314 370 2363 vicefimo
401 2315 550 2362 mense
578 2317 776 2364 recidere
802 2318 856 2363 ad
888 2318 1030 2364 imum
1057 2318 1322 2376 articulum,
1345 2318 1426 2365 nisi

154 2390 233 2452 ipsi
256 2400 474 2451 parcatur.
509 2390 767 2437 Oculorum
794 2391 897 2437 inde
920 2390 1100 2437 materia
1121 2392 1303 2450 emicat,
1324 2409 1426 2438 cum

156 2479 243 2526 qua
262 2460 388 2508 sexto
412 2477 463 2508 ac
480 2461 705 2509 tricesimo
723 2461 870 2509 mense
893 2463 1124 2511 viviradix
1143 2462 1416 2512 transfertur.
