<?xml version="1.0" encoding="UTF-8"?>
<!DOCTYPE html PUBLIC "-//W3C//DTD XHTML 1.0 Transitional//EN"
    "http://www.w3.org/TR/xhtml1/DTD/xhtml1-transitional.dtd">
<html xmlns="http://www.w3.org/1999/xhtml" xml:lang="en" lang="en">
 <head>
  <title>
</title>
<meta http-equiv="Content-Type" content="text/html;charset=utf-8" />
  <meta name='ocr-system' content='tesseract 3.04.00' />
  <meta name='ocr-capabilities' content='ocr_page ocr_carea ocr_par ocr_line ocrx_word'/>
</head>
<body>
  <div class='ocr_page' id='page_1' title='image "./caiipliniisecund03plinuoft_0232.png"; bbox 0 0 1653 2797; ppageno 0'>
   <div class='ocr_carea' id='block_1_1' title="bbox 231 104 1271 186">
    <p class='ocr_par' dir='ltr' id='par_1_1' title="bbox 231 104 1271 186">
     <span class='ocr_line' id='line_1_1' title="bbox 231 104 1271 186; baseline -0.001 -12"><span class='ocrx_word' id='word_1_1' title='bbox 231 104 348 186; x_wconf 79' lang='lat'>224&#39;</span> <span class='ocrx_word' id='word_1_2' title='bbox 501 124 1271 173; x_wconf 60' lang='lat' dir='ltr'>c.1&gt;L1N1135cUND1</span> 
     </span>
    </p>
   </div>
   <div class='ocr_carea' id='block_1_2' title="bbox 187 232 1576 2484">
    <p class='ocr_par' dir='ltr' id='par_1_2' title="bbox 207 232 1576 1970">
     <span class='ocr_line' id='line_1_2' title="bbox 224 232 1504 298; baseline 0 -16"><span class='ocrx_word' id='word_1_3' title='bbox 224 247 430 298; x_wconf 80' lang='lat' dir='ltr'>putemus</span> <span class='ocrx_word' id='word_1_4' title='bbox 463 232 663 297; x_wconf 86' lang='lat' dir='ltr'>ignorari</span> <span class='ocrx_word' id='word_1_5' title='bbox 692 249 743 278; x_wconf 90' lang='lat' dir='ltr'>ea</span> <span class='ocrx_word' id='word_1_6' title='bbox 774 232 829 279; x_wconf 85' lang='lat' dir='ltr'>ab</span> <span class='ocrx_word' id='word_1_7' title='bbox 859 232 1156 280; x_wconf 76' lang='lat' dir='ltr'>animalibus:</span> <span class='ocrx_word' id='word_1_8' title='bbox 1191 251 1290 297; x_wconf 85' lang='lat' dir='ltr'>quae</span> <span class='ocrx_word' id='word_1_9' title='bbox 1320 233 1504 298; x_wconf 85' lang='lat' dir='ltr'>quidem</span> 
     </span>
     <span class='ocr_line' id='line_1_3' title="bbox 222 305 1504 372; baseline 0.001 -19"><span class='ocrx_word' id='word_1_10' title='bbox 222 325 323 372; x_wconf 83' lang='lat' dir='ltr'>quae</span> <span class='ocrx_word' id='word_1_11' title='bbox 350 316 650 370; x_wconf 72' lang='lat' dir='ltr'>praepararent</span> <span class='ocrx_word' id='word_1_12' title='bbox 679 316 837 352; x_wconf 87' lang='lat' dir='ltr'>contra</span> <span class='ocrx_word' id='word_1_13' title='bbox 869 305 1138 369; x_wconf 74' lang='lat' dir='ltr'>serpentium</span> <span class='ocrx_word' id='word_1_14' title='bbox 1168 306 1504 368; x_wconf 78' lang='lat' dir='ltr'>dimicationes,</span> 
     </span>
     <span class='ocr_line' id='line_1_4' title="bbox 223 378 1503 445; baseline 0 -19"><span class='ocrx_word' id='word_1_15' title='bbox 223 398 326 445; x_wconf 80' lang='lat' dir='ltr'>quae</span> <span class='ocrx_word' id='word_1_16' title='bbox 358 379 457 442; x_wconf 85' lang='lat' dir='ltr'>post</span> <span class='ocrx_word' id='word_1_17' title='bbox 475 379 688 441; x_wconf 88' lang='lat' dir='ltr'>proelium</span> <span class='ocrx_word' id='word_1_18' title='bbox 708 378 763 424; x_wconf 91' lang='lat' dir='ltr'>ad</span> <span class='ocrx_word' id='word_1_19' title='bbox 783 378 1048 424; x_wconf 82' lang='lat' dir='ltr'>medendum</span> <span class='ocrx_word' id='word_1_20' title='bbox 1076 380 1386 443; x_wconf 78' lang='lat' dir='ltr'>excogitarent</span> <span class='ocrx_word' id='word_1_21' title='bbox 1401 415 1416 436; x_wconf 77' lang='lat'>‚</span> <span class='ocrx_word' id='word_1_22' title='bbox 1432 381 1503 426; x_wconf 90' lang='lat' dir='ltr'>in-</span> 
     </span>
     <span class='ocr_line' id='line_1_5' title="bbox 223 450 1504 513; baseline 0.001 -15"><span class='ocrx_word' id='word_1_23' title='bbox 223 452 490 500; x_wconf 75' lang='lat' dir='ltr'>dicavimus.</span> <span class='ocrx_word' id='word_1_24' title='bbox 522 452 617 497; x_wconf 89' lang='lat' dir='ltr'>Nec</span> <span class='ocrx_word' id='word_1_25' title='bbox 644 451 698 496; x_wconf 89' lang='lat' dir='ltr'>ab</span> <span class='ocrx_word' id='word_1_26' title='bbox 727 450 822 496; x_wconf 89' lang='lat' dir='ltr'>ullo</span> <span class='ocrx_word' id='word_1_27' title='bbox 852 463 1011 513; x_wconf 83' lang='lat' dir='ltr'>praeter</span> <span class='ocrx_word' id='word_1_28' title='bbox 1036 450 1296 510; x_wconf 82' lang='lat' dir='ltr'>hominem,</span> <span class='ocrx_word' id='word_1_29' title='bbox 1321 469 1504 500; x_wconf 87' lang='lat' dir='ltr'>veneno</span> 
     </span>
     <span class='ocr_line' id='line_1_6' title="bbox 222 524 1505 589; baseline -0.001 -17"><span class='ocrx_word' id='word_1_30' title='bbox 222 537 448 589; x_wconf 80' lang='lat' dir='ltr'>pugnatur</span> <span class='ocrx_word' id='word_1_31' title='bbox 463 524 625 570; x_wconf 89' lang='lat' dir='ltr'>alieno.</span> <span class='ocrx_word' id='word_1_32' title='bbox 651 527 882 570; x_wconf 87' lang='lat' dir='ltr'>Fateamur</span> <span class='ocrx_word' id='word_1_33' title='bbox 901 540 1008 586; x_wconf 84' lang='lat' dir='ltr'>ergo</span> <span class='ocrx_word' id='word_1_34' title='bbox 1030 525 1208 588; x_wconf 89' lang='lat' dir='ltr'>culpam</span> <span class='ocrx_word' id='word_1_35' title='bbox 1218 562 1234 583; x_wconf 85' lang='lat'><em>‚</em></span> <span class='ocrx_word' id='word_1_36' title='bbox 1256 542 1311 571; x_wconf 90' lang='lat' dir='ltr'>ne</span> <span class='ocrx_word' id='word_1_37' title='bbox 1329 524 1381 571; x_wconf 90' lang='lat' dir='ltr'>iis</span> <span class='ocrx_word' id='word_1_38' title='bbox 1401 524 1505 587; x_wconf 87' lang='lat' dir='ltr'>qui-</span> 
     </span>
     <span class='ocr_line' id='line_1_7' title="bbox 207 595 1505 660; baseline 0 -16"><span class='ocrx_word' id='word_1_39' title='bbox 207 598 322 653; x_wconf 20' lang='lat' dir='ltr'>*dem</span> <span class='ocrx_word' id='word_1_40' title='bbox 336 633 350 656; x_wconf 84' lang='lat'>‚</span> <span class='ocrx_word' id='word_1_41' title='bbox 370 613 470 660; x_wconf 82' lang='lat' dir='ltr'>quae</span> <span class='ocrx_word' id='word_1_42' title='bbox 487 595 748 653; x_wconf 82' lang='lat' dir='ltr'>nascuntur,</span> <span class='ocrx_word' id='word_1_43' title='bbox 770 597 992 642; x_wconf 82' lang='lat' dir='ltr'>contenti:</span> <span class='ocrx_word' id='word_1_44' title='bbox 1016 598 1180 643; x_wconf 83' lang='lat' dir='ltr'>etenim</span> <span class='ocrx_word' id='word_1_45' title='bbox 1201 599 1384 660; x_wconf 87' lang='lat' dir='ltr'>quando</span> <span class='ocrx_word' id='word_1_46' title='bbox 1406 598 1505 660; x_wconf 86' lang='lat' dir='ltr'>plu-</span> 
     </span>
     <span class='ocr_line' id='line_1_8' title="bbox 222 668 1503 733; baseline -0.001 -16"><span class='ocrx_word' id='word_1_47' title='bbox 222 688 272 717; x_wconf 75' lang='lat' dir='ltr'>ra</span> <span class='ocrx_word' id='word_1_48' title='bbox 300 686 458 717; x_wconf 89' lang='lat' dir='ltr'>eorum</span> <span class='ocrx_word' id='word_1_49' title='bbox 486 684 646 733; x_wconf 81' lang='lat' dir='ltr'>genera</span> <span class='ocrx_word' id='word_1_50' title='bbox 671 668 863 714; x_wconf 82' lang='lat' dir='ltr'>humana</span> <span class='ocrx_word' id='word_1_51' title='bbox 888 685 1023 714; x_wconf 85' lang='lat' dir='ltr'>manu</span> <span class='ocrx_word' id='word_1_52' title='bbox 1052 668 1178 716; x_wconf 87' lang='lat' dir='ltr'>fiunt.</span> <span class='ocrx_word' id='word_1_53' title='bbox 1213 671 1376 731; x_wconf 81' lang='lat' dir='ltr'>Quid?</span> <span class='ocrx_word' id='word_1_54' title='bbox 1408 687 1503 717; x_wconf 90' lang='lat' dir='ltr'>non</span> 
     </span>
     <span class='ocr_line' id='line_1_9' title="bbox 223 742 1506 807; baseline -0.002 -14"><span class='ocrx_word' id='word_1_55' title='bbox 223 747 274 793; x_wconf 83' lang='lat'>&amp;</span> <span class='ocrx_word' id='word_1_56' title='bbox 315 744 522 791; x_wconf 87' lang='lat' dir='ltr'>homines</span> <span class='ocrx_word' id='word_1_57' title='bbox 560 743 739 807; x_wconf 90' lang='lat' dir='ltr'>quidem</span> <span class='ocrx_word' id='word_1_58' title='bbox 772 755 821 788; x_wconf 90' lang='lat' dir='ltr'>ut</span> <span class='ocrx_word' id='word_1_59' title='bbox 859 759 1036 789; x_wconf 88' lang='lat' dir='ltr'>venena</span> <span class='ocrx_word' id='word_1_60' title='bbox 1082 742 1359 791; x_wconf 85' lang='lat' dir='ltr'>nascuntur?</span> <span class='ocrx_word' id='word_1_61' title='bbox 1396 746 1506 792; x_wconf 86' lang='lat' dir='ltr'>Atra</span> 
     </span>
     <span class='ocr_line' id='line_1_10' title="bbox 224 815 1504 880; baseline 0.002 -18"><span class='ocrx_word' id='word_1_62' title='bbox 224 833 308 864; x_wconf 83' lang='lat' dir='ltr'>ceu</span> <span class='ocrx_word' id='word_1_63' title='bbox 336 816 607 880; x_wconf 85' lang='lat' dir='ltr'>serpentium</span> <span class='ocrx_word' id='word_1_64' title='bbox 624 815 772 878; x_wconf 82' lang='lat' dir='ltr'>lingua</span> <span class='ocrx_word' id='word_1_65' title='bbox 793 815 943 861; x_wconf 81' lang='lat' dir='ltr'>vibrat</span> <span class='ocrx_word' id='word_1_66' title='bbox 962 852 976 874; x_wconf 62' lang='lat'>9</span> <span class='ocrx_word' id='word_1_67' title='bbox 1008 815 1218 879; x_wconf 82' lang='lat' dir='ltr'>tabesque</span> <span class='ocrx_word' id='word_1_68' title='bbox 1237 815 1375 863; x_wconf 88' lang='lat' dir='ltr'>animi</span> <span class='ocrx_word' id='word_1_69' title='bbox 1394 835 1504 865; x_wconf 86' lang='lat' dir='ltr'>con·</span> 
     </span>
     <span class='ocr_line' id='line_1_11' title="bbox 221 888 1503 951; baseline 0 -14"><span class='ocrx_word' id='word_1_70' title='bbox 221 891 404 937; x_wconf 65' lang='lat' dir='ltr'>treflata</span> <span class='ocrx_word' id='word_1_71' title='bbox 430 889 601 946; x_wconf 77' lang='lat' dir='ltr'>adurit,</span> <span class='ocrx_word' id='word_1_72' title='bbox 623 888 899 951; x_wconf 84' lang='lat' dir='ltr'>culpantium</span> <span class='ocrx_word' id='word_1_73' title='bbox 918 890 1094 951; x_wconf 77' lang='lat' dir='ltr'>omnia,</span> <span class='ocrx_word' id='word_1_74' title='bbox 1117 908 1168 937; x_wconf 87' lang='lat' dir='ltr'>ac</span> <span class='ocrx_word' id='word_1_75' title='bbox 1199 890 1396 937; x_wconf 87' lang='lat' dir='ltr'>dirarum</span> <span class='ocrx_word' id='word_1_76' title='bbox 1418 891 1503 937; x_wconf 87' lang='lat' dir='ltr'>ali-</span> 
     </span>
     <span class='ocr_line' id='line_1_12' title="bbox 224 961 1510 1026; baseline -0.002 -15"><span class='ocrx_word' id='word_1_77' title='bbox 224 976 320 1011; x_wconf 82' lang='lat' dir='ltr'>tum</span> <span class='ocrx_word' id='word_1_78' title='bbox 350 963 492 1009; x_wconf 89' lang='lat' dir='ltr'>modo</span> <span class='ocrx_word' id='word_1_79' title='bbox 510 998 523 1019; x_wconf 81' lang='lat'><strong>‚</strong></span> <span class='ocrx_word' id='word_1_80' title='bbox 543 961 738 1008; x_wconf 79' lang='lat' dir='ltr'>tenebris</span> <span class='ocrx_word' id='word_1_81' title='bbox 765 978 949 1025; x_wconf 86' lang='lat' dir='ltr'>quoque</span> <span class='ocrx_word' id='word_1_82' title='bbox 977 963 1063 1009; x_wconf 84' lang='lat' dir='ltr'>suis</span> <span class='ocrx_word' id='word_1_83' title='bbox 1075 999 1089 1020; x_wconf 88' lang='grc'>,</span> <span class='ocrx_word' id='word_1_84' title='bbox 1113 965 1162 1010; x_wconf 85' lang='lat'>&amp;</span> <span class='ocrx_word' id='word_1_85' title='bbox 1184 962 1374 1026; x_wconf 84' lang='lat' dir='ltr'>ipsarum</span> <span class='ocrx_word' id='word_1_86' title='bbox 1392 980 1510 1010; x_wconf 84' lang='lat' dir='ltr'>noc-</span> 
     </span>
     <span class='ocr_line' id='line_1_13' title="bbox 224 1033 1506 1099; baseline 0.002 -18"><span class='ocrx_word' id='word_1_87' title='bbox 224 1035 338 1081; x_wconf 77' lang='lat' dir='ltr'>tium</span> <span class='ocrx_word' id='word_1_88' title='bbox 370 1034 510 1098; x_wconf 84' lang='lat' dir='ltr'>quieti</span> <span class='ocrx_word' id='word_1_89' title='bbox 541 1033 874 1092; x_wconf 83' lang='lat' dir='ltr'>invidentium,</span> <span class='ocrx_word' id='word_1_90' title='bbox 909 1035 1106 1097; x_wconf 79' lang='lat' dir='ltr'>gemitu,</span> <span class='ocrx_word' id='word_1_91' title='bbox 1143 1053 1244 1099; x_wconf 63' lang='lat' dir='ltr'>quae</span> <span class='ocrx_word' id='word_1_92' title='bbox 1277 1035 1370 1082; x_wconf 80' lang='lat' dir='ltr'>sola</span> <span class='ocrx_word' id='word_1_93' title='bbox 1406 1053 1506 1085; x_wconf 84' lang='lat' dir='ltr'>vox</span> 
     </span>
     <span class='ocr_line' id='line_1_14' title="bbox 223 1105 1506 1168; baseline 0.001 -15"><span class='ocrx_word' id='word_1_94' title='bbox 223 1119 382 1153; x_wconf 77' lang='lat' dir='ltr'>eorum</span> <span class='ocrx_word' id='word_1_95' title='bbox 405 1105 496 1153; x_wconf 88' lang='lat' dir='ltr'>est:</span> <span class='ocrx_word' id='word_1_96' title='bbox 531 1118 579 1152; x_wconf 89' lang='lat' dir='ltr'>ut</span> <span class='ocrx_word' id='word_1_97' title='bbox 597 1105 964 1168; x_wconf 82' lang='lat' dir='ltr'>inauspicatarum</span> <span class='ocrx_word' id='word_1_98' title='bbox 993 1107 1286 1154; x_wconf 86' lang='lat' dir='ltr'>animantium</span> <span class='ocrx_word' id='word_1_99' title='bbox 1309 1107 1413 1154; x_wconf 87' lang='lat' dir='ltr'>vice</span> <span class='ocrx_word' id='word_1_100' title='bbox 1431 1109 1506 1156; x_wconf 88' lang='lat' dir='ltr'>ob-</span> 
     </span>
     <span class='ocr_line' id='line_1_15' title="bbox 225 1179 1507 1244; baseline 0.001 -19"><span class='ocrx_word' id='word_1_101' title='bbox 225 1179 292 1225; x_wconf 70' lang='lat' dir='ltr'>vii</span> <span class='ocrx_word' id='word_1_102' title='bbox 309 1179 492 1244; x_wconf 77' lang='lat' dir='ltr'>quoque</span> <span class='ocrx_word' id='word_1_103' title='bbox 509 1190 666 1225; x_wconf 86' lang='lat' dir='ltr'>vetent</span> <span class='ocrx_word' id='word_1_104' title='bbox 688 1194 816 1241; x_wconf 81' lang='lat' dir='ltr'>agere</span> <span class='ocrx_word' id='word_1_105' title='bbox 829 1214 841 1236; x_wconf 81' lang='lat'>‚</span> <span class='ocrx_word' id='word_1_106' title='bbox 861 1190 935 1224; x_wconf 88' lang='lat' dir='ltr'>aut</span> <span class='ocrx_word' id='word_1_107' title='bbox 954 1179 1155 1241; x_wconf 74' lang='lat' dir='ltr'>prodesse</span> <span class='ocrx_word' id='word_1_108' title='bbox 1174 1180 1297 1225; x_wconf 78' lang='lat' dir='ltr'>vitae.</span> <span class='ocrx_word' id='word_1_109' title='bbox 1322 1179 1420 1227; x_wconf 91' lang='lat' dir='ltr'>Nec</span> <span class='ocrx_word' id='word_1_110' title='bbox 1438 1179 1507 1226; x_wconf 90' lang='lat' dir='ltr'>ul-</span> 
     </span>
     <span class='ocr_line' id='line_1_16' title="bbox 223 1251 1504 1315; baseline 0 -16"><span class='ocrx_word' id='word_1_111' title='bbox 223 1255 318 1300; x_wconf 64' lang='lat' dir='ltr'>lum</span> <span class='ocrx_word' id='word_1_112' title='bbox 357 1253 477 1299; x_wconf 89' lang='lat' dir='ltr'>aliud</span> <span class='ocrx_word' id='word_1_113' title='bbox 510 1251 756 1299; x_wconf 86' lang='lat' dir='ltr'>abominati</span> <span class='ocrx_word' id='word_1_114' title='bbox 800 1251 979 1315; x_wconf 85' lang='lat' dir='ltr'>spiritus</span> <span class='ocrx_word' id='word_1_115' title='bbox 1027 1251 1263 1315; x_wconf 81' lang='lat' dir='ltr'>praemium</span> <span class='ocrx_word' id='word_1_116' title='bbox 1298 1268 1504 1312; x_wconf 85' lang='lat' dir='ltr'>novere,</span> 
     </span>
     <span class='ocr_line' id='line_1_17' title="bbox 224 1324 1507 1390; baseline 0 -18"><span class='ocrx_word' id='word_1_117' title='bbox 224 1342 358 1390; x_wconf 82' lang='lat' dir='ltr'>quam</span> <span class='ocrx_word' id='word_1_118' title='bbox 377 1324 515 1372; x_wconf 80' lang='lat' dir='ltr'>odisse</span> <span class='ocrx_word' id='word_1_119' title='bbox 534 1325 702 1371; x_wconf 85' lang='lat' dir='ltr'>omnia.</span> <span class='ocrx_word' id='word_1_120' title='bbox 738 1327 905 1371; x_wconf 88' lang='lat' dir='ltr'>Verum</span> <span class='ocrx_word' id='word_1_121' title='bbox 925 1325 1040 1373; x_wconf 88' lang='lat' dir='ltr'>&amp;in</span> <span class='ocrx_word' id='word_1_122' title='bbox 1061 1325 1151 1372; x_wconf 90' lang='lat' dir='ltr'>hoc</span> <span class='ocrx_word' id='word_1_123' title='bbox 1169 1326 1322 1386; x_wconf 87' lang='lat' dir='ltr'>eadem</span> <span class='ocrx_word' id='word_1_124' title='bbox 1338 1337 1507 1373; x_wconf 83' lang='lat' dir='ltr'>naturae</span> 
     </span>
     <span class='ocr_line' id='line_1_18' title="bbox 224 1396 1506 1461; baseline -0.001 -17"><span class='ocrx_word' id='word_1_125' title='bbox 224 1397 423 1459; x_wconf 78' lang='lat' dir='ltr'>majestas</span> <span class='ocrx_word' id='word_1_126' title='bbox 436 1433 450 1455; x_wconf 84' lang='lat'><strong><em>‚</em></strong></span> <span class='ocrx_word' id='word_1_127' title='bbox 466 1408 595 1443; x_wconf 84' lang='lat' dir='ltr'>tanto</span> <span class='ocrx_word' id='word_1_128' title='bbox 615 1397 763 1460; x_wconf 85' lang='lat' dir='ltr'>plures</span> <span class='ocrx_word' id='word_1_129' title='bbox 784 1396 933 1444; x_wconf 87' lang='lat' dir='ltr'>bonos</span> <span class='ocrx_word' id='word_1_130' title='bbox 958 1397 1111 1461; x_wconf 80' lang='lat' dir='ltr'>genuit</span> <span class='ocrx_word' id='word_1_131' title='bbox 1130 1416 1180 1445; x_wconf 86' lang='lat' dir='ltr'>ac</span> <span class='ocrx_word' id='word_1_132' title='bbox 1197 1398 1345 1461; x_wconf 80' lang='lat' dir='ltr'>frugi,</span> <span class='ocrx_word' id='word_1_133' title='bbox 1365 1415 1506 1461; x_wconf 89' lang='lat' dir='ltr'>quan-</span> 
     </span>
     <span class='ocr_line' id='line_1_19' title="bbox 225 1468 1507 1536; baseline 0.001 -20"><span class='ocrx_word' id='word_1_134' title='bbox 225 1485 276 1516; x_wconf 66' lang='lat' dir='ltr'>to</span> <span class='ocrx_word' id='word_1_135' title='bbox 294 1470 488 1516; x_wconf 82' lang='lat' dir='ltr'>fertilior</span> <span class='ocrx_word' id='word_1_136' title='bbox 506 1471 551 1515; x_wconf 88' lang='lat' dir='ltr'>in</span> <span class='ocrx_word' id='word_1_137' title='bbox 566 1470 618 1516; x_wconf 84' lang='lat' dir='ltr'>iis</span> <span class='ocrx_word' id='word_1_138' title='bbox 633 1487 734 1532; x_wconf 82' lang='lat' dir='ltr'>quae</span> <span class='ocrx_word' id='word_1_139' title='bbox 752 1468 911 1530; x_wconf 81' lang='lat' dir='ltr'>juvant</span> <span class='ocrx_word' id='word_1_140' title='bbox 931 1471 1169 1536; x_wconf 87' lang='lat' dir='ltr'>aluntque:</span> <span class='ocrx_word' id='word_1_141' title='bbox 1190 1488 1384 1534; x_wconf 76' lang='lat' dir='ltr'>quorum</span> <span class='ocrx_word' id='word_1_142' title='bbox 1404 1471 1507 1517; x_wconf 82' lang='lat' dir='ltr'>aesti-</span> 
     </span>
     <span class='ocr_line' id='line_1_20' title="bbox 228 1543 1506 1606; baseline 0 -16"><span class='ocrx_word' id='word_1_143' title='bbox 228 1544 426 1590; x_wconf 76' lang='lat' dir='ltr'>matione</span> <span class='ocrx_word' id='word_1_144' title='bbox 458 1545 507 1590; x_wconf 87' lang='lat'>&amp;</span> <span class='ocrx_word' id='word_1_145' title='bbox 538 1543 703 1606; x_wconf 82' lang='lat' dir='ltr'>gaudio</span> <span class='ocrx_word' id='word_1_146' title='bbox 738 1559 821 1588; x_wconf 90' lang='lat' dir='ltr'>nos</span> <span class='ocrx_word' id='word_1_147' title='bbox 852 1560 1064 1606; x_wconf 74' lang='lat' dir='ltr'>quoque,</span> <span class='ocrx_word' id='word_1_148' title='bbox 1092 1545 1253 1591; x_wconf 72' lang='lat' dir='ltr'>reliffis</span> <span class='ocrx_word' id='word_1_149' title='bbox 1280 1544 1506 1590; x_wconf 79' lang='lat' dir='ltr'>aestuatio-</span> 
     </span>
     <span class='ocr_line' id='line_1_21' title="bbox 228 1614 1505 1681; baseline -0.001 -18"><span class='ocrx_word' id='word_1_150' title='bbox 228 1619 275 1664; x_wconf 83' lang='lat' dir='ltr'>ni</span> <span class='ocrx_word' id='word_1_151' title='bbox 307 1617 396 1663; x_wconf 73' lang='lat' dir='ltr'>suae</span> <span class='ocrx_word' id='word_1_152' title='bbox 427 1615 515 1662; x_wconf 79' lang='lat' dir='ltr'>istis</span> <span class='ocrx_word' id='word_1_153' title='bbox 549 1614 786 1660; x_wconf 80' lang='lat' dir='ltr'>hominum</span> <span class='ocrx_word' id='word_1_154' title='bbox 820 1616 992 1674; x_wconf 84' lang='lat' dir='ltr'>turbis,</span> <span class='ocrx_word' id='word_1_155' title='bbox 1028 1634 1263 1681; x_wconf 80' lang='lat' dir='ltr'>pergemus</span> <span class='ocrx_word' id='word_1_156' title='bbox 1295 1617 1505 1663; x_wconf 75' lang='lat' dir='ltr'>excolere</span> 
     </span>
     <span class='ocr_line' id='line_1_22' title="bbox 228 1687 1576 1752; baseline -0.001 -16"><span class='ocrx_word' id='word_1_157' title='bbox 228 1691 397 1736; x_wconf 68' lang='lat' dir='ltr'>vitam:</span> <span class='ocrx_word' id='word_1_158' title='bbox 429 1705 575 1752; x_wconf 90' lang='lat' dir='ltr'>eoque</span> <span class='ocrx_word' id='word_1_159' title='bbox 608 1687 881 1735; x_wconf 88' lang='lat' dir='ltr'>constantius</span> <span class='ocrx_word' id='word_1_160' title='bbox 901 1725 915 1747; x_wconf 84' lang='lat'>,</span> <span class='ocrx_word' id='word_1_161' title='bbox 952 1706 1044 1752; x_wconf 90' lang='lat' dir='ltr'>quo</span> <span class='ocrx_word' id='word_1_162' title='bbox 1073 1707 1223 1752; x_wconf 83' lang='lat' dir='ltr'>operae</span> <span class='ocrx_word' id='word_1_163' title='bbox 1248 1689 1380 1735; x_wconf 88' lang='lat' dir='ltr'>nobis</span> <span class='ocrx_word' id='word_1_164' title='bbox 1407 1706 1505 1735; x_wconf 88' lang='lat' dir='ltr'>ma-</span> <span class='ocrx_word' id='word_1_165' title='bbox 1568 1712 1576 1718; x_wconf 50' lang='lat'>⁹</span> 
     </span>
     <span class='ocr_line' id='line_1_23' title="bbox 226 1760 1503 1826; baseline 0 -18"><span class='ocrx_word' id='word_1_166' title='bbox 226 1763 325 1825; x_wconf 58' lang='lat' dir='ltr'>fior,</span> <span class='ocrx_word' id='word_1_167' title='bbox 353 1778 486 1826; x_wconf 88' lang='lat' dir='ltr'>quam</span> <span class='ocrx_word' id='word_1_168' title='bbox 523 1760 650 1807; x_wconf 80' lang='lat' dir='ltr'>famae</span> <span class='ocrx_word' id='word_1_169' title='bbox 672 1796 685 1818; x_wconf 86' lang='lat'>‚</span> <span class='ocrx_word' id='word_1_170' title='bbox 710 1760 848 1823; x_wconf 86' lang='lat' dir='ltr'>gratia</span> <span class='ocrx_word' id='word_1_171' title='bbox 878 1763 1114 1823; x_wconf 83' lang='lat' dir='ltr'>expetitur.</span> <span class='ocrx_word' id='word_1_172' title='bbox 1147 1762 1331 1825; x_wconf 84' lang='lat' dir='ltr'>Quippe</span> <span class='ocrx_word' id='word_1_173' title='bbox 1358 1763 1503 1809; x_wconf 89' lang='lat' dir='ltr'>sermo</span> 
     </span>
     <span class='ocr_line' id='line_1_24' title="bbox 227 1832 1506 1898; baseline -0.002 -16"><span class='ocrx_word' id='word_1_174' title='bbox 227 1836 346 1882; x_wconf 78' lang='lat' dir='ltr'>circa</span> <span class='ocrx_word' id='word_1_175' title='bbox 381 1851 483 1881; x_wconf 89' lang='lat' dir='ltr'>rura</span> <span class='ocrx_word' id='word_1_176' title='bbox 512 1832 597 1891; x_wconf 85' lang='lat' dir='ltr'>est,</span> <span class='ocrx_word' id='word_1_177' title='bbox 635 1832 903 1897; x_wconf 82' lang='lat' dir='ltr'>agrestesque</span> <span class='ocrx_word' id='word_1_178' title='bbox 941 1834 1062 1892; x_wconf 88' lang='lat' dir='ltr'>usus;</span> <span class='ocrx_word' id='word_1_179' title='bbox 1110 1835 1184 1881; x_wconf 89' lang='lat' dir='ltr'>sed</span> <span class='ocrx_word' id='word_1_180' title='bbox 1217 1835 1376 1898; x_wconf 85' lang='lat' dir='ltr'>quibus</span> <span class='ocrx_word' id='word_1_181' title='bbox 1411 1835 1506 1883; x_wconf 88' lang='lat' dir='ltr'>Vita</span> 
     </span>
     <span class='ocr_line' id='line_1_25' title="bbox 227 1905 1234 1970; baseline -0.001 -15"><span class='ocrx_word' id='word_1_182' title='bbox 227 1906 465 1970; x_wconf 79' lang='lat' dir='ltr'>honosque</span> <span class='ocrx_word' id='word_1_183' title='bbox 489 1905 608 1969; x_wconf 89' lang='lat' dir='ltr'>apud</span> <span class='ocrx_word' id='word_1_184' title='bbox 636 1905 805 1968; x_wconf 89' lang='lat' dir='ltr'>priscos</span> <span class='ocrx_word' id='word_1_185' title='bbox 838 1908 1056 1954; x_wconf 81' lang='lat' dir='ltr'>maximus</span> <span class='ocrx_word' id='word_1_186' title='bbox 1085 1907 1234 1954; x_wconf 89' lang='lat' dir='ltr'>fuerit.</span> 
     </span>
    </p>

    <p class='ocr_par' dir='ltr' id='par_1_3' title="bbox 187 1979 1505 2484">
     <span class='ocr_line' id='line_1_26' title="bbox 293 1979 1505 2046; baseline 0 -18"><span class='ocrx_word' id='word_1_187' title='bbox 293 1983 344 2028; x_wconf 84' lang='grc' dir='ltr'>ΙΙ.</span> <span class='ocrx_word' id='word_1_188' title='bbox 370 1982 605 2027; x_wconf 88' lang='lat' dir='ltr'>Arvorum</span> <span class='ocrx_word' id='word_1_189' title='bbox 626 1979 874 2028; x_wconf 86' lang='lat' dir='ltr'>sacerdotes</span> <span class='ocrx_word' id='word_1_190' title='bbox 904 1982 1125 2029; x_wconf 82' lang='lat' dir='ltr'>Romulus</span> <span class='ocrx_word' id='word_1_191' title='bbox 1161 1982 1209 2028; x_wconf 89' lang='lat' dir='ltr'>in</span> <span class='ocrx_word' id='word_1_192' title='bbox 1244 1981 1399 2046; x_wconf 86' lang='lat' dir='ltr'>primis</span> <span class='ocrx_word' id='word_1_193' title='bbox 1434 1981 1505 2028; x_wconf 90' lang='lat' dir='ltr'>in-</span> 
     </span>
     <span class='ocr_line' id='line_1_27' title="bbox 225 2054 1505 2119; baseline 0.001 -18"><span class='ocrx_word' id='word_1_194' title='bbox 225 2055 391 2112; x_wconf 79' lang='lat' dir='ltr'>stituit,</span> <span class='ocrx_word' id='word_1_195' title='bbox 419 2054 549 2118; x_wconf 88' lang='lat' dir='ltr'>seque</span> <span class='ocrx_word' id='word_1_196' title='bbox 575 2054 888 2102; x_wconf 86' lang='lat' dir='ltr'>duodecimum</span> <span class='ocrx_word' id='word_1_197' title='bbox 914 2056 1095 2103; x_wconf 88' lang='lat' dir='ltr'>fratrem</span> <span class='ocrx_word' id='word_1_198' title='bbox 1124 2057 1370 2119; x_wconf 84' lang='lat' dir='ltr'>appellavit</span> <span class='ocrx_word' id='word_1_199' title='bbox 1388 2056 1505 2102; x_wconf 90' lang='lat' dir='ltr'>inter</span> 
     </span>
     <span class='ocr_line' id='line_1_28' title="bbox 187 2125 1505 2192; baseline 0.003 -22"><span class='ocrx_word' id='word_1_200' title='bbox 187 2125 356 2187; x_wconf 43' lang='lat' dir='ltr'>xvillos,</span> <span class='ocrx_word' id='word_1_201' title='bbox 378 2125 433 2171; x_wconf 90' lang='lat' dir='ltr'>ab</span> <span class='ocrx_word' id='word_1_202' title='bbox 456 2126 576 2171; x_wconf 86' lang='lat' dir='ltr'>Acca</span> <span class='ocrx_word' id='word_1_203' title='bbox 595 2125 830 2172; x_wconf 85' lang='lat' dir='ltr'>Laurentia</span> <span class='ocrx_word' id='word_1_204' title='bbox 844 2128 1027 2174; x_wconf 81' lang='lat' dir='ltr'>&#39;nutrice</span> <span class='ocrx_word' id='word_1_205' title='bbox 1047 2127 1121 2174; x_wconf 87' lang='lat' dir='ltr'>sua</span> <span class='ocrx_word' id='word_1_206' title='bbox 1143 2130 1340 2192; x_wconf 85' lang='lat' dir='ltr'>genitos,</span> <span class='ocrx_word' id='word_1_207' title='bbox 1362 2128 1505 2191; x_wconf 88' lang='lat' dir='ltr'>spicea</span> 
     </span>
     <span class='ocr_line' id='line_1_29' title="bbox 229 2197 1502 2264; baseline 0.002 -19"><span class='ocrx_word' id='word_1_208' title='bbox 229 2213 433 2257; x_wconf 79' lang='lat' dir='ltr'>corona,</span> <span class='ocrx_word' id='word_1_209' title='bbox 466 2214 567 2260; x_wconf 83' lang='lat' dir='ltr'>quae</span> <span class='ocrx_word' id='word_1_210' title='bbox 599 2197 714 2244; x_wconf 88' lang='lat' dir='ltr'>vitta</span> <span class='ocrx_word' id='word_1_211' title='bbox 743 2198 841 2245; x_wconf 91' lang='lat' dir='ltr'>alba</span> <span class='ocrx_word' id='word_1_212' title='bbox 875 2201 1189 2264; x_wconf 80' lang='lat' dir='ltr'>colligaretur,</span> <span class='ocrx_word' id='word_1_213' title='bbox 1224 2201 1271 2247; x_wconf 89' lang='lat' dir='ltr'>in</span> <span class='ocrx_word' id='word_1_214' title='bbox 1296 2200 1502 2248; x_wconf 84' lang='lat' dir='ltr'>sacerdo-</span> 
     </span>
     <span class='ocr_line' id='line_1_30' title="bbox 227 2268 1502 2335; baseline 0.002 -19"><span class='ocrx_word' id='word_1_215' title='bbox 227 2270 296 2316; x_wconf 85' lang='lat' dir='ltr'>tio</span> <span class='ocrx_word' id='word_1_216' title='bbox 331 2268 394 2316; x_wconf 87' lang='lat' dir='ltr'>eis</span> <span class='ocrx_word' id='word_1_217' title='bbox 424 2285 508 2331; x_wconf 89' lang='lat' dir='ltr'>pro</span> <span class='ocrx_word' id='word_1_218' title='bbox 541 2268 863 2332; x_wconf 71' lang='lat' dir='ltr'>religiosissimo</span> <span class='ocrx_word' id='word_1_219' title='bbox 892 2271 1049 2334; x_wconf 83' lang='lat' dir='ltr'>infigni</span> <span class='ocrx_word' id='word_1_220' title='bbox 1078 2272 1203 2330; x_wconf 80' lang='lat' dir='ltr'>data,</span> <span class='ocrx_word' id='word_1_221' title='bbox 1232 2289 1330 2335; x_wconf 85' lang='lat' dir='ltr'>quae</span> <span class='ocrx_word' id='word_1_222' title='bbox 1363 2272 1502 2335; x_wconf 87' lang='lat' dir='ltr'>prima</span> 
     </span>
     <span class='ocr_line' id='line_1_31' title="bbox 228 2341 1500 2409; baseline -0.002 -18"><span class='ocrx_word' id='word_1_223' title='bbox 228 2344 348 2408; x_wconf 75' lang='lat' dir='ltr'>apud</span> <span class='ocrx_word' id='word_1_224' title='bbox 366 2343 601 2389; x_wconf 84' lang='lat' dir='ltr'>Romanos</span> <span class='ocrx_word' id='word_1_225' title='bbox 636 2341 719 2388; x_wconf 83' lang='lat' dir='ltr'>fuit</span> <span class='ocrx_word' id='word_1_226' title='bbox 746 2360 946 2390; x_wconf 84' lang='lat' dir='ltr'>corona:</span> <span class='ocrx_word' id='word_1_227' title='bbox 983 2345 1221 2409; x_wconf 89' lang='lat' dir='ltr'>honosque</span> <span class='ocrx_word' id='word_1_228' title='bbox 1241 2346 1277 2391; x_wconf 85' lang='lat' dir='ltr'>is</span> <span class='ocrx_word' id='word_1_229' title='bbox 1305 2362 1399 2391; x_wconf 91' lang='lat' dir='ltr'>non</span> <span class='ocrx_word' id='word_1_230' title='bbox 1421 2344 1500 2390; x_wconf 80' lang='lat' dir='ltr'>nifi</span> 
     </span>
     <span class='ocr_line' id='line_1_32' title="bbox 229 2417 1499 2484; baseline -0.001 -17"><span class='ocrx_word' id='word_1_231' title='bbox 229 2419 328 2467; x_wconf 70' lang='lat' dir='ltr'>vita</span> <span class='ocrx_word' id='word_1_232' title='bbox 352 2417 529 2481; x_wconf 83' lang='lat' dir='ltr'>finitur,</span> <span class='ocrx_word' id='word_1_233' title='bbox 552 2419 602 2469; x_wconf 89' lang='lat'>&amp;</span> <span class='ocrx_word' id='word_1_234' title='bbox 623 2417 790 2468; x_wconf 85' lang='lat' dir='ltr'>exsules</span> <span class='ocrx_word' id='word_1_235' title='bbox 813 2419 946 2468; x_wconf 81' lang='lat' dir='ltr'>etiam</span> <span class='ocrx_word' id='word_1_236' title='bbox 977 2418 1218 2484; x_wconf 78' lang='lat' dir='ltr'>captosque</span> <span class='ocrx_word' id='word_1_237' title='bbox 1243 2419 1499 2468; x_wconf 73' lang='lat' dir='ltr'>comitatur.</span> 
     </span>
    </p>
   </div>
  </div>
 </body>
</html>
