1653 2797
264 209 350 270 176
527 209 582 254 C.
635 204 1427 276 1-’L1N-1113ECUNhD‘1'''

315 317 486 363 XXIV.
513 314 772 361 Infitionem
789 326 938 362 autem
967 314 1089 361 casus
1109 351 1122 373 ,
1159 315 1363 379 magister
1381 313 1493 367 alius
1514 356 1530 379 ,

250 393 301 438 &
341 405 468 451 paene
504 388 808 447 numerosior,
846 389 899 434 ad
927 388 1050 434 hunc
1079 390 1281 439 modum.
1316 391 1529 455 Agricola

249 463 425 510 sedulus
458 460 599 508 casam
633 459 744 523 sepis
774 460 1057 507 munimento
1086 461 1296 523 cingens,
1326 479 1421 526 quo
1441 465 1529 510 mi·-

248 552 335 581 nus
369 533 670 596 putrescerent
711 533 865 591 sudes,
896 533 1033 578 limen
1065 532 1259 580 subdidit
1295 551 1351 580 ex
1383 535 1533 582 ¹edera.

251 613 314 655 At
347 607 436 653 illae
469 607 625 654 vivaci
654 607 804 653 morsu
835 596 1144 669 apprehensae,
1165 607 1284 654 suam
1306 625 1361 654 ex
1386 608 1528 655 aliena

246 685 393 731 fecere
427 684 594 740 vitam,
617 684 911 746 apparuitque
941 694 1152 727 truncum
1182 682 1266 728 effe
1285 700 1371 745 pro
1388 684 1525 730 terra.

246 757 465 804 Aufertur
497 773 604 819 ergo
636 755 750 802 serra
780 755 1011 819 aequaliter
1030 754 1310 817 superficies:
1333 752 1524 821 *laeviga-

244 843 316 876 tur
351 829 462 874 falce
489 840 688 872 truncus.
723 825 860 870 Ratio
889 824 1044 887 postea
1073 823 1369 886 duplexzfi&
1381 828 1526 889 prima

239 904 358 949 inter
372 900 589 948 corticem
608 899 866 961 lignumque
885 897 1120 944 inserendi.
1134 898 1374 945 Timebant
1386 899 1526 961 prisci

243 989 455 1021 truncum
470 970 660 1016 findere:
681 987 793 1016 mox
815 971 1034 1032 imperare
1053 970 1142 1016 aufi
1161 970 1333 1017 medio:
1353 971 1522 1035 ipfique

241 1050 290 1095 in
320 1065 375 1094 eo
402 1045 611 1093 medullae
632 1045 853 1091 calamum
873 1044 1215 1106 imprimebant,
1248 1061 1388 1091 unum
1407 1043 1522 1092 inse-

238 1131 387 1167 rentes
405 1156 418 1177 ‚
457 1134 603 1182 neque
627 1117 747 1162 enim
774 1117 923 1179 plures
944 1117 1379 1179 capiebat‘medulla.
1407 1117 1520 1164 Sub-

237 1193 366 1239 tilior
400 1191 555 1256 postea
590 1189 706 1236 ratio
748 1189 823 1236 vel
860 1189 988 1235 senos
1025 1188 1213 1250 adjicit,
1258 1189 1520 1237 mortalitati

237 1284 399 1314 eorum
427 1267 476 1312 &
508 1280 699 1310 numero
729 1262 984 1310 succurrere
1013 1261 1233 1325 persuasa,
1265 1280 1346 1325 per
1374 1263 1521 1311 media

236 1352 403 1386 trunco
425 1337 584 1383 leniter
600 1335 722 1393 fiffo,
745 1352 983 1399 cuneoque
1009 1337 1132 1381 tenui
1156 1334 1348 1381 fissuram
1367 1335 1519 1382 custo-

237 1411 388 1457 diente
406 1447 419 1469 ,
447 1411 595 1456 donec
625 1409 889 1472 cuspidatim
920 1408 1353 1463 decisusdescendat
1380 1410 1428 1455 in
1455 1409 1518 1456 ri-

235 1502 352 1530 mam
384 1483 591 1530 calamus.

304 1556 446 1602 Multa
471 1556 516 1599 in
537 1556 626 1600 boc
652 1552 882 1599 servanda.
913 1552 1111 1599 Primum
1148 1554 1382 1610 omnium,
1415 1570 1516 1617 quae

236 1629 426 1693 patiatur
454 1626 626 1672 coitum
658 1624 793 1671 talem
821 1623 956 1668 arbor
974 1659 988 1680 ‚
1021 1626 1071 1670 δε
1094 1624 1221 1684 cujus
1244 1625 1416 1671 arboris
1437 1642 1514 1672 ca-

234 1703 393 1748 lamus.
431 1701 564 1746 Varie
605 1713 789 1762 quoque
823 1696 873 1740 &
911 1712 1007 1741 non
1046 1695 1200 1742 iisdem
1237 1696 1283 1741 in
1318 1696 1514 1759 partibus

236 1775 378 1822 subest
413 1773 624 1819 omnibus
650 1771 818 1817 succus.
848 1769 1025 1815 Vitibus
1056 1768 1240 1833 ficisque
1265 1770 1411 1816 media
1430 1770 1513 1818 fic-

234 1848 388 1905 dora,
431 1848 481 1893 &
518 1863 541 1891 e
575 1844 740 1890 summa
769 1853 894 1904 parte
929 1855 1208 1904 conceptus,
1243 1842 1347 1888 ideo
1385 1842 1511 1890 illinc

237 1922 398 1968 surculi
424 1932 650 1983 petuntur.
687 1915 812 1962 Oleis
853 1915 972 1962 circa
1001 1915 1147 1961 media
1181 1914 1368 1962 succus:
1406 1915 1511 1962 inde

236 1997 286 2043 δέ
309 1994 500 2041 surculi:
523 1991 757 2039 cacumina
788 1989 954 2056 fititint.
976 1988 1202 2035 Facillime
1227 1987 1509 2047 coalescunt,

216 2065 395 2130 *quihus
420 2064 573 2109 eadem
603 2060 786 2108 corticis
806 2073 960 2106 natura
976 2095 989 2117 ,
1026 2061 1403 2123 quaequepariter
1421 2059 1509 2106 flo-

233 2139 376 2187 rentia
409 2137 600 2199 ejusdem
623 2136 747 2182 horae
775 2135 1145 2199 germinationem
1181 2133 1508 2198 succorumque

233 2213 490 2260 societatem
523 2209 701 2254 habent.
729 2211 867 2253 Lenta
886 2206 1006 2252 enim
1029 2222 1096 2252 res
1117 2204 1201 2262 est,
1222 2205 1398 2269 quoties
1422 2206 1507 2252 hu-

233 2284 364 2332 midis
399 2292 649 2346 repugnant
687 2280 827 2337 sicca,
863 2279 1078 2343 mollibus
1123 2279 1348 2325 corticum
1391 2278 1504 2325 duri.

234 2358 424 2419 Reliqua
457 2354 714 2401 observatio
739 2389 751 2411 ‚
786 2370 842 2399 ne
877 2351 1021 2398 fifi'ura
1049 2351 1096 2397 in
1135 2352 1260 2398 nodo
1296 2350 1399 2399 fiat:
1430 2368 1503 2400 re-

232 2431 385 2496 pudiat
419 2429 585 2492 quippe
614 2428 835 2474 advenam
863 2425 1141 2488 inhospitalis
1169 2426 1342 2489 duritia.
1375 2425 1502 2471 Utin

232 2516 357 2568 parte
387 2500 637 2548 nitidiffima
657 2535 669 2554 ‚
698 2515 755 2545 ne
784 2498 967 2561 longior
996 2497 1140 2545 multo
1160 2496 1500 2561 tribusdigitis,
