1653 2797
220 155 1438 239 *NATURHISTORLIRXVIL189

169 270 412 356 septimum
423 285 601 321 annum.
615 272 851 318 Sufficiunt
870 272 1159 334 pedamenta
1148 272 1289 336 jugeri
1308 272 1442 319 unius

167 345 343 394 vicenis
367 347 598 394 vinearum
621 343 879 407 jugeribus,
911 345 1090 407 quando
1113 346 1243 392 etiam
1273 362 1323 392 ea
1345 343 1443 391 bifi-

167 418 223 464 da
259 419 391 482 stirpe
417 418 556 466 fiunt:
578 418 826 482 durantque
856 417 970 465 ultra
999 419 1180 466 alteram
1210 420 1335 468 silvae
1353 420 1442 467 suae

168 492 390 540 caesuram.

233 565 412 613 Esculus
446 565 645 613 similiter
671 566 921 630 provenit,
958 564 1119 613 caesura
1149 564 1346 612 triennio
1376 565 1444 613 se-

168 636 297 695 nior,
315 638 462 686 minus
479 638 658 685 morosa
682 638 811 685 nasci.
846 641 895 685 In
925 655 1196 702 quacunque
1230 649 1345 684 terra
1378 639 1446 685 se—

132 766 137 767 ⁷
166 710 309 770 ritur,
335 711 530 760 nascitur
549 730 572 759 e
596 713 788 771 balano,
809 711 882 758 sed
908 728 1003 758 non
1033 712 1113 759 nisi
1141 711 1301 758 elculi:
1326 710 1452 757 {cro-

160 783 223 830 'be
250 784 531 843 dodrantali,
564 749 812 834 intervallis
849 785 1042 832 duorum
1066 785 1263 847 pedum:
1293 783 1449 830 seritur

168 856 332 903 leviter
357 871 513 921 quater
531 874 670 904 anno.
691 858 794 904 Hoc
813 857 1127 921 pedamentum
1156 858 1340 905 minime
1362 876 1449 921 pu-

169 930 347 990 trescit,
379 932 627 996 caesumque
659 932 851 978 maxime
889 931 1081 978 fruticat.
1121 932 1287 979 Praeter
1321 932 1450 991 haec,

171 1003 274 1051 sunt
304 1005 458 1052 caedua
490 1022 591 1069 quae
626 1005 849 1063 diximus,
883 1004 1112 1062 fraxinus,
1138 1004 1312 1064 laurus,
1342 1006 1452 1052 Per-

171 1076 285 1136 fica,
315 1078 505 1142 corylus
524 1115 538 1137 ,
571 1078 734 1136 malus,
773 1078 847 1124 sed
875 1078 1042 1124 tardius
1069 1074 1332 1125 nascuntur:
1358 1091 1451 1125 ter-

170 1166 355 1213 ramque
375 1149 521 1197 defixa
550 1152 632 1198 vix
657 1151 854 1197 tolerant
870 1187 883 1209 ,
904 1167 1000 1197 non
1028 1151 1170 1198 modo
1196 1142 1452 1199 humorem.

171 1223 417 1271 Sambucus
454 1236 613 1271 contra
640 1223 883 1270 firmiffima
917 1225 971 1272 ad
1000 1225 1153 1287 palum
1187 1224 1310 1271 taleis
1345 1223 1453 1272 seri-

172 1308 272 1354 tur,
302 1310 353 1344 ut
378 1298 598 1361 populus:
626 1315 729 1344 nam
753 1298 806 1344 de
834 1297 1034 1361 cupreffo
1053 1296 1154 1344 satis
1183 1298 1390 1345 diximus.

240 1370 436 1417 XXXV.
471 1372 529 1417 Et
562 1370 780 1433 praedietis
809 1371 937 1418 velut
973 1369 1258 1416 armamentis
1299 1369 1454 1416 vinea-

117 1436 123 1439 ’
173 1459 275 1490 rum
298 1479 315 1500 ‚
351 1441 482 1489 restat
524 1442 716 1506 ipsarum
758 1453 945 1501 natura,
980 1442 1206 1504 praecipua
1241 1442 1455 1488 tradenda

177 1533 296 1563 cura.
655 1509 657 1511 ¹

205 1617 207 1621 ·
248 1607 284 1640 1.
302 1588 477 1636 Vitium
498 1586 681 1634 surculis
695 1624 708 1646 ‚
726 1588 775 1635 &
803 1587 1082 1651 quarundam
1102 1582 1340 1646 arborum,
1361 1589 1461 1652 qui-

174 1662 256 1710 bus
287 1660 523 1725 fungosior
560 1661 679 1707 intus
713 1672 870 1707 natura
904 1660 993 1719 est,
1026 1662 1268 1725 geniculati
1295 1660 1457 1724 scapo-

175 1753 277 1783 rum
307 1734 418 1781 nodi
434 1733 730 1798 intersepiunt
751 1733 1202 1781 medullam.'Ferulae
1231 1734 1335 1797 ipsae
1356 1735 1458 1780 bre-

177 1802 259 1857 v’es
292 1810 341 1856 &
369 1808 423 1854 ad
452 1807 617 1854 summa
645 1807 905 1864 breviores,
939 1808 1136 1854 articulis
1169 1808 1323 1870 utique
1348 1808 1461 1854 duo-

178 1883 261 1930 bus
293 1882 548 1928 internodia
585 1882 836 1929 includunt.
879 1882 1108 1940 Medulla,
1142 1882 1235 1928 five
1274 1881 1350 1928 illa
1386 1882 1460 1929 vi-

181 1957 281 2004 talis
311 1955 456 2002 anima
487 1957 547 2002 est
568 1991 581 2013 ‚
617 1969 716 2003 ante
750 1955 790 2002 se
821 1956 965 2002 tendit
1002 1955 1333 2019 longitudinem
1373 1956 1460 2002 im-

182 2029 381 2093 pellens,
412 2028 623 2092 quamdiu
654 2028 765 2074 nodi
797 2029 954 2090 pervia
988 2040 1110 2090 patet
1140 2027 1297 2075 fistula.
1341 2028 1462 2074 Cum

183 2120 297 2152 vero
319 2102 523 2150 concreti
544 2103 746 2149 ademere
764 2102 994 2148 transitum
1011 2139 1024 2159 ‚
1044 2102 1289 2164 reperculsa
1308 2119 1461 2148 erum-

182 2179 283 2242 pit,
313 2177 367 2224 ab
411 2177 500 2223 ima
528 2176 592 2223 sui
625 2188 777 2239 parte,
812 2175 943 2238 juxta
964 2177 1161 2239 priorem
1194 2176 1363 2222 nodum
1396 2176 1463 2221 al-

183 2250 321 2297 ternis
345 2249 531 2296 laterum
562 2248 732 2312 semper
751 2248 1007 2313 inguinibus
1028 2285 1041 2307 ,
1070 2260 1128 2314 υῒΔὶ
1152 2249 1314 2295 dietum
1335 2248 1395 2294 est
1415 2248 1463 2293 in

183 2322 402 2371 arundine
435 2340 486 2369 ac
520 2321 686 2369 ferula:
722 2338 922 2385 quorum
953 2323 1157 2368 dextrum
1192 2323 1244 2368 ab
1265 2322 1358 2367 imo
1391 2321 1464 2366 in·-

183 2395 399 2460 telligitur
423 2395 614 2441 articulo
633 2432 649 2453 ,
687 2394 856 2442 laevum
885 2394 932 2439 in
965 2395 1206 2457 proximo,
1243 2406 1375 2456 atque
1402 2394 1463 2440 ita

184 2488 264 2534 per
302 2470 438 2519 vices.
476 2470 578 2516 Hoc
610 2481 805 2535 vocatur
835 2470 882 2516 in
905 2469 999 2518 vite
1027 2486 1227 2533 gemma,
1267 2485 1370 2516 cum
1400 2468 1464 2514 ibi
