1653 2797
237 183 323 246 196
500 174 1297 225 C.PL1N118ECUND1-

230 289 404 337 missum
438 285 574 333 fuerit
600 283 731 331 nasci.
767 282 844 330 Nil
870 293 1026 328 natura
1057 283 1345 346 portionibus
1374 285 1503 347 parit.

232 364 351 422 Quae
380 378 481 407 cum
509 357 786 415 excreverit,
821 355 918 402 satis
942 353 1068 401 firma
1095 357 1305 418 protinus
1331 357 1379 403 in
1398 356 1507 420 jugo

232 433 451 481 collocari
469 430 672 479 debebit:
696 429 761 475 {in
781 428 1025 490 etiamnum
1044 427 1268 476 infirmior
1294 429 1406 487 erit,
1425 429 1507 475 sub

229 508 330 571 ipso
355 506 460 570 jugo
489 504 705 568 hospitari
734 487 882 550 recisa.
921 502 1135 561 Viribus,
1155 520 1251 550 non
1278 516 1406 551 aetate
1427 504 1506 550 de·-

233 581 444 629 cernitur.
477 577 785 625 Temerarium
807 575 867 621 est
882 610 895 632 ,
930 587 1029 621 ante
1051 576 1377 623 craffitudinem
1402 576 1508 639 pol—

231 655 417 701 licarem
450 652 536 699 viti
565 651 796 713 imperare.
815 649 1025 712 Sequenti
1058 667 1179 696 anno
1203 652 1405 714 palmites
1425 650 1510 696 sal-1

234 738 400 773 ventur
432 741 518 789 pro
545 725 717 771 viribus
754 723 906 769 matris
941 722 1103 786 finguli
1136 737 1209 772 aut
1239 726 1418 790 gemini.
1450 726 1510 772 Ii-

235 801 336 847 dem
385 802 434 848 &
473 798 650 855 secuto,
689 797 720 842 fi
759 807 890 858 coget
923 793 1188 855 infirmitas,
1229 798 1509 845 nutriantur:

235 876 460 938 tertioque
490 873 667 918 demum
705 871 795 915 duo
827 868 1103 930 adjiciantur.
1147 872 1245 918 Nec
1280 871 1378 918 sunt
1407 873 1510 935 plu-

235 964 305 994 res
349 945 577 1009 quaternis
610 961 808 1007 unquam
845 942 1143 1004 permittendi.
1186 944 1513 1008 Breviterque‚

236 1035 334 1066 non
360 1017 682 1079 indulgendum
702 1015 785 1073 est,
810 1017 859 1062 &
878 1014 1046 1077 semper
1070 1014 1308 1062 inhibenda
1331 1015 1514 1064 foecun-

238 1092 370 1139 ditas„
389 1093 452 1136 Ea
476 1090 537 1136 est
562 1090 680 1136 enim
711 1101 867 1134 natura
887 1124 901 1147 ,
934 1100 984 1134 ut
1006 1105 1158 1151 parere
1183 1088 1308 1135 malit
1326 1125 1342 1146 ,
1378 1103 1513 1152 quam

240 1167 418 1212 vivere.
444 1161 685 1226 Quidquid
704 1161 899 1208 materiae
930 1161 1138 1208 adimitur
1157 1198 1170 1220 ,
1199 1161 1360 1215 fructui
1390 1179 1515 1209 acce-

240 1236 318 1283 dit.
347 1236 425 1282 Illa
453 1233 617 1280 semina
645 1232 844 1291 mavult,
863 1249 997 1296 quam
1021 1232 1212 1279 frustum
1232 1233 1379 1297 gigni,
1397 1248 1517 1296 quo-

241 1310 363 1356 niam
395 1306 559 1354 fructus
588 1306 754 1352 caduca
786 1321 855 1352 res
888 1304 962 1351 est.
996 1304 1069 1351 Sic
1103 1305 1348 1368 perniciose
1382 1305 1518 1352 luxu-

242 1382 357 1428 riat:
397 1396 479 1426 nec
508 1378 690 1441 ampliat
720 1378 760 1424 se
780 1415 795 1435 ‚
822 1377 894 1424 sed
924 1378 1075 1441 egerit.

317 1469 384 1498 12.
415 1451 558 1498 Dabit
589 1450 823 1496 consilium
855 1452 904 1497 &
934 1449 1015 1496 soli
1050 1462 1219 1496 natura.
1254 1452 1304 1496 In
1333 1465 1519 1507 macro,·

244 1523 409 1571 etiamsi
437 1522 556 1567 vires
582 1521 760 1567 habebit
775 1557 788 1578 ‚
807 1520 943 1567 recisa
967 1521 1082 1568 intra
1113 1521 1265 1585 jugum
1286 1534 1519 1580 moretur,

245 1611 297 1645 ut
335 1596 483 1642 omnis
517 1595 683 1641 foetura
719 1594 796 1641 sub
825 1611 881 1640 eo
915 1612 1058 1642 exeat.
1095 1597 1334 1642 Minimum
1366 1596 1412 1642 id
1435 1596 1520 1642 effe

248 1669 427 1716 debebit
447 1667 731 1713 intervallum
746 1702 759 1724 ‚
783 1679 832 1712 ut
851 1666 1037 1729 attingat
1059 1665 1238 1729 jugum,
1262 1667 1520 1730 speretque,

249 1758 347 1788 non
380 1751 552 1786 teneat:
591 1739 703 1785 adeo
728 1755 823 1784 non
846 1738 1075 1785 recumbat
1101 1739 1147 1783 in
1176 1755 1255 1796 eo,
1290 1756 1372 1786 nec
1407 1739 1518 1786 deli-

250 1825 347 1860 cate
376 1811 417 1858 se
440 1811 622 1874 spargat.
657 1813 721 1857 Ita
746 1823 1014 1873 temperetur
1043 1810 1116 1857 hic
1137 1811 1320 1869 modus,
1347 1826 1396 1858 ut
1421 1828 1518 1858 cre-

250 1886 369 1934 scere
393 1886 525 1932 etiam
558 1884 705 1943 malit,
737 1901 869 1947 quam
897 1901 1061 1947 parere.

325 1974 393 2019 13.
422 1957 590 2004 Palmes
621 1957 724 2003 duas
746 1956 891 2003 tresve
922 1974 1115 2020 gemmas
1144 1956 1220 2004 sub
1247 1956 1355 2021 jugo
1383 1957 1520 2004 habe-

252 2049 300 2078 re
323 2032 453 2078 debet
466 2068 481 2088 ,
516 2048 572 2077 ex
593 2031 753 2094 quibus
772 2030 951 2077 materia
971 2030 1197 2077 nascatur:
1217 2042 1323 2077 tunc
1349 2046 1428 2093 per
1448 2029 1522 2093 ju-

254 2120 361 2167 gum
391 2102 563 2166 mergi,
590 2103 875 2168 alligarique,
903 2118 952 2149 ut
984 2102 1239 2149 sustineatur
1261 2101 1395 2166 jugo,
1425 2119 1522 2149 non

254 2177 457 2240 pendeat.
486 2175 685 2222 Vinculo
706 2193 816 2222 mox
841 2176 1065 2222 adstrictus
1084 2193 1107 2221 a
1125 2175 1254 2222 tertia
1270 2192 1441 2239 gemma
1461 2175 1522 2222 al-

255 2249 407 2314 ligari:
436 2248 653 2312 quoniam
674 2250 723 2296 &
754 2250 810 2296 fic
841 2265 1074 2296 coercetur
1094 2248 1283 2311 impetus
1302 2248 1522 2307 materiae,

257 2321 567 2383 denfioreique
597 2321 705 2366 citra
735 2320 932 2383 pampini
952 2320 1196 2367 exsultant:
1222 2336 1431 2368 cacumen
1450 2335 1523 2365 re-

258 2394 385 2457 ligari
424 2405 591 2439 vetant.
629 2394 800 2440 Natura
835 2395 928 2440 haec
959 2394 1051 2441 est:
1090 2394 1253 2457 dejecta
1286 2411 1412 2457 pars,
1449 2406 1523 2440 aut

260 2466 487 2529 praeiigata
505 2502 521 2523 ,
550 2464 741 2514 fructum
769 2466 841 2513 dat
850 2483 865 2522 3
893 2465 1223 2533 plurimumque
1254 2466 1343 2530 ipsa
1367 2482 1525 2516 curva-
