1653 2797
191 193 277 239 118
465 185 1241 254 c.PL1N115ECUND1

184 297 480 348 Cimmerium
499 296 546 342 in
561 295 843 359 Panticapaeo
865 295 992 355 urbe,
1007 296 1136 343 omni
1147 294 1474 345 modolaborass

185 373 255 418 vit
271 369 551 417 Mithridates
566 382 662 428 rex,
684 370 732 416 &
748 369 884 416 ceteri
901 369 1087 428 incolae,
1106 368 1334 416 sacrorum
1348 382 1470 417 certe

186 444 341 503 causa,
376 444 550 490 laurum
580 457 875 508 myrtumque
895 443 1086 490 habere:
1123 459 1219 489 non
1254 443 1472 506 contigit,

185 536 288 567 cum
324 517 493 580 teporis
527 517 711 563 arbores
749 516 979 563 abundent
1010 516 1096 574 ibi,
1131 515 1343 574 Punicae,
1372 513 1475 561 fici-2

187 611 302 658 que,
330 593 418 654 jam
440 592 614 645 mali&
634 591 717 653 piri
744 589 1060 637 laudatissimae.
1095 588 1287 653 Frigidas
1312 588 1475 636 eodem

188 667 328 720 tractu
361 683 457 712 non
494 664 648 728 genuit
684 663 892 721 arbores,
926 661 1107 724 pinum,
1140 660 1362 718 abietem,
1401 659 1483 724 pi-.'

188 755 326 787 ceam.
355 740 412 785 Et
443 737 550 801 quid
570 735 730 783 attinet
752 735 797 780 in
822 736 1021 781 Pontum
1043 733 1169 779 abire
1187 734 1206 782 ἓ
1230 732 1356 796 juxta
1375 734 1475 780 Ro-

188 829 306 857 mam
336 811 473 874 ipsam
508 809 720 856 castaneae
760 807 983 871 cerafique
1014 823 1131 870 aegre
1168 806 1475 868 proveniunt:

189 883 363 930 Persica
394 883 441 928 in
466 880 724 928 Tusculano
741 915 756 937 ,
776 896 858 926 nec
888 896 985 925 non
1004 894 1141 925 nuces
1167 880 1340 926 Graecae
1373 895 1478 929 cum

192 956 328 1003 taedio
358 954 609 1000 inseruntur
623 989 639 1013 ‚
661 953 905 1001 Tarracina
926 952 1049 999 silvis
1072 951 1264 999 scatente
1292 968 1457 999 earum.

254 1029 349 1074 LX.
386 1026 625 1090 Cupreffus
661 1026 866 1082 advena,
902 1026 952 1072 &
988 1024 1252 1071 difficillime
1287 1024 1477 1071 nascen-

189 1102 306 1148 tium
336 1099 451 1158 fuit,
486 1113 535 1146 ut
571 1099 625 1145 de
657 1116 747 1163 qua
774 1097 1005 1144 verbosius
1046 1089 1312 1161 saepiusque,
1338 1115 1477 1161 quam

189 1177 245 1222 de
270 1175 483 1222 omnibus
511 1174 638 1233 aliis,
671 1174 922 1238 prodiderit
952 1174 1082 1220 Cato.
1120 1174 1243 1219 Natu
1269 1171 1478 1232 morosa,

191 1247 339 1294 {ructu
379 1247 653 1310 supervacua
675 1282 687 1303 ,
735 1246 880 1293 baccis
926 1243 1064 1291 tor'va
1085 1280 1100 1303 ,
1144 1243 1262 1291 folio
1297 1261 1480 1302 amara,

191 1322 336 1369 odore
380 1321 615 1378 violenta,
648 1337 700 1368 ac
743 1329 798 1365 n'e
839 1318 996 1365 umbra
1034 1317 1216 1382 quidem
1261 1316 1481 1382 gratiosa,

191 1395 376 1442 materie
411 1412 534 1451 rara,
567 1406 617 1441 ut
654 1411 782 1457 paene
816 1393 1019 1440 fruticofi
1047 1392 1251 1457 generis,
1290 1392 1394 1440 Diti
1413 1391 1483 1439 sa-.

192 1464 270 1515 >cra
289 1504 303 1526 ,
338 1467 516 1514 &ideo
544 1466 723 1513 funebri
754 1466 880 1529 figno
923 1466 979 1513 ad
1013 1467 1178 1513 domos
1216 1465 1374 1529 pofita.
1399 1456 1483 1512 Fe-

193 1542 318 1588 mina
354 1541 509 1588 sterilis
548 1541 637 1587 diu.
681 1541 815 1586 Metae
848 1541 1029 1587 demum
1065 1540 1241 1603 aspestu
1275 1558 1372 1588 non
1406 1557 1481 1586 re-

195 1616 406 1680 pudiata,
437 1613 757 1678 distinguendis
785 1625 959 1659 tantum
984 1613 1198 1676 pinorum
1225 1614 1481 1660 ordinibus:

198 1705 320 1739 nunc
368 1704 482 1735 vero
518 1686 690 1734 tonsilis
736 1685 845 1732 facta
883 1685 932 1732 in
972 1685 1185 1733 densitate
1226 1686 1479 1749 parietum,

199 1759 488 1824 coercitaque
521 1757 766 1823 gracilitate
803 1769 1025 1821 perpetuo
1061 1770 1225 1804 tenera.
1265 1758 1484 1805 Trahitur-

200 1832 336 1878 etiam
354 1833 399 1878 in
420 1832 614 1895 picturas
635 1831 785 1893 operis
799 1829 1001 1893 topiarii,
1020 1843 1231 1890 venatus,
1250 1830 1484 1889 cIaffesve,

199 1907 251 1952 &
279 1904 491 1968 imagines
521 1921 671 1951 rerum
710 1903 837 1950 tenui
872 1901 988 1951 folio
1005 1939 1019 1962 ‚
1044 1903 1264 1966 brevique
1283 1939 1298 1962 ‚
1330 1905 1381 1952 &
1407 1903 1484 1950 vi*

198 1977 316 2022 renti
351 1977 520 2040 semper
552 1975 757 2023 vestiens.
792 1977 905 2023 Duo
941 1993 1103 2040 genera
1141 1992 1325 2023 earum:
1360 1977 1485 2022 Meta

198 2049 248 2094 :in
276 2048 497 2114 fastigium
518 2047 798 2106 convoluta,
834 2065 934 2112 quae
961 2049 1012 2095 &
1031 2047 1198 2094 femina
1225 2047 1484 2111 appellatur..

198 2124 298 2169 Mas
327 2121 493 2185 spargit
533 2133 665 2178 extra
687 2120 728 2167 se
762 2137 938 2177 ramos,
972 2121 1311 2182 deputaturque.
1346 2122 1483 2166 Utra—

201 2212 290 2258 que
321 2208 467 2241 autem
495 2194 747 2244 immittitur
780 2193 824 2238 in
857 2192 1073 2255 perticas,
1101 2190 1315 2239 affer'esve
1333 2228 1349 2248 ,
1387 2208 1482 2237 am-

202 2269 437 2332 putatione
470 2284 724 2323 ramorum,
761 2267 838 2330 qui
872 2280 970 2311 X111
1003 2281 1124 2311 anno
1170 2264 1359 2311 denariis
1393 2263 1483 2310 fin-

202 2341 317 2408 gulis
340 2352 568 2386 veneunt:
586 2338 962 2400 Quaestuofiffima
993 2338 1040 2383 in
1069 2337 1182 2383 satus
1212 2337 1386 2383 ratione
1408 2335 1484 2381 sil-

207 2430 291 2459 va:
324 2414 588 2477 vulgoque,
630 2413 782 2458 dotem
826 2410 1016 2457 filiarum
1051 2410 1223 2474 antiqui
1266 2408 1484 2472 plantaria

204 2486 501 2547 appellabant.
534 2486 653 2539 Huic
681 2484 819 2550 patria
853 2483 993 2530 insula
1029 2484 1197 2542 Creta,
1226 2498 1327 2531 cum
1363 2481 1483 2528 Cato
