1653 2797
226 153 502 201 NATUR.
542 152 841 199 HISTOR.
871 153 997 198 LIB.
1036 152 1253 199 XVIII.
1304 169 1394 215 239

118 261 252 309 altior
281 261 539 319 frumento,
563 276 698 322 quam
730 259 920 305 hordeo.
958 259 1100 307 Arista
1134 260 1396 307 mordacior

117 333 305 380 hordeo.
340 335 392 379 In
422 348 521 378 area
542 342 808 376 exteruntur
832 331 1030 378 triticum
1047 368 1060 389 ‚
1097 334 1146 380 &
1174 333 1298 397 siligo
1315 369 1328 391 ,
1347 334 1399 381 &

118 406 354 452 hordeum.
386 403 457 449 Sic
476 403 524 448 δέ
549 400 752 447 seruntur
768 418 904 464 pura,
926 403 1114 464 qualiter
1139 405 1398 463 moluntur,

119 478 224 543 quia
257 475 370 523 tosta
406 490 502 520 non
540 472 651 519 sunt.
692 474 727 518 E
756 472 936 519 diverso
969 473 1063 530 far,
1092 476 1296 535 milium,
1321 494 1399 539 pa-

117 552 295 609 nicum,
313 547 519 613 purgari,
539 546 619 593 nifi
638 546 777 605 tosta,
799 563 894 592 non
918 546 1110 609 poffunt.
1135 551 1283 612 Itaque
1301 549 1398 597 haec

120 644 224 674 cum
251 623 337 670 suis
363 622 577 670 folliculis
605 621 810 668 seruntur
841 623 989 668 cruda.
1026 625 1083 668 Et
1108 622 1174 669 far
1203 624 1250 669 in
1271 625 1399 687 vagi-

117 697 233 756 nulis
263 696 350 743 suis
374 696 553 742 servant
577 695 634 741 ad
666 694 806 753 satus,
840 708 974 759 atque
1004 712 1100 742 non
1130 709 1320 744 torrent.

182 773 261 819 XI.
300 771 586 818 Levifiimum
617 787 672 816 ex
705 771 774 818 his
804 771 1051 830 hordeum,
1084 790 1185 819 raro
1219 774 1399 820 excedit

118 859 192 891 XV
229 843 390 900 libras,
424 845 473 890 δέ
501 841 599 888 faba
624 856 754 889 XXH.
792 844 1089 891 Ponderofius
1122 844 1213 904 far,
1241 845 1402 909 magis-

118 935 205 982 que
240 917 483 963 etiamnum
507 916 723 963 triticum.
758 919 839 962 Far
867 917 914 962 in
937 917 1140 982 AEgypto
1172 935 1229 964 ex
1265 919 1402 982 olyra

119 988 373 1037 conficitur.
408 988 616 1034 Tertium
643 1005 782 1052 genus
806 988 938 1050 spicae
976 990 1065 1036 hoc
1091 989 1153 1054 ibi
1178 991 1251 1037 est.
1285 991 1398 1037 Gal-

119 1065 191 1111 liae
215 1080 397 1127 quoque
432 1062 559 1108 suum
593 1079 730 1126 genus
763 1062 891 1109 farris
933 1064 1116 1110 dedere:
1151 1064 1277 1128 quod
1307 1064 1402 1111 illic

118 1139 298 1186 bracem
341 1148 546 1193 vocant,
586 1136 704 1198 apud
740 1152 825 1182 nos
865 1135 1117 1195 sandalam,
1152 1136 1421 1197 nitidissimi

118 1211 259 1275 grani.
292 1214 348 1257 Et
382 1210 467 1257 alia
495 1207 744 1255 differentia
779 1208 840 1254 est
858 1244 871 1266 ‚
893 1210 1018 1271 quod
1051 1208 1144 1255 fere
1173 1209 1401 1271 quaternis

117 1282 243 1328 libris
273 1283 376 1344 plus
405 1281 551 1328 reddit
580 1280 735 1344 panis,
754 1297 887 1344 quam
917 1279 980 1325 far
1006 1280 1140 1327 aliud.
1176 1281 1402 1343 Populum

120 1356 378 1402 Romanum
421 1355 536 1401 farre
584 1367 756 1401 tantum
802 1371 826 1401 e
872 1354 1100 1401 frumento
1137 1370 1235 1403 CCC
1277 1357 1403 1402 annis

121 1427 246 1474 usum
268 1464 281 1485 ,
311 1427 495 1474 Verrius
528 1428 675 1474 tradit.

185 1503 283 1548 XII.
317 1518 354 1548 1.
377 1500 541 1547 Tritici
560 1517 720 1564 genera
749 1500 876 1563 plura
896 1536 910 1557 ,
936 1517 1036 1563 quae
1070 1499 1215 1547 fecere
1238 1512 1403 1564 gentes,

119 1573 279 1620 Italico
313 1572 488 1619 nullum
509 1573 714 1635 equidem
746 1574 1101 1635 comparaverim
1126 1574 1323 1620 candore
1351 1591 1404 1620 ac

121 1646 349 1710 pondere,
386 1662 481 1710 quo
504 1645 698 1691 maxime
726 1644 1013 1692 discernitur:
1054 1647 1281 1693 montanis
1302 1663 1406 1692 mo-

122 1719 183 1764 do
204 1733 494 1781 comparetur
516 1717 652 1764 Italiae
677 1718 791 1782 agris
817 1731 1076 1777 externum,
1099 1721 1144 1765 in
1165 1736 1257 1782 quo
1280 1720 1408 1782 prin-

122 1791 320 1855 cipatum
344 1791 488 1838 tenuit
507 1792 711 1850 Boeotia,
730 1792 888 1838 deinde
909 1792 1081 1850 Sicilia,
1108 1808 1220 1838 mox
1241 1791 1408 1840 Africa.

123 1863 332 1919 Tertium
365 1864 544 1925 pondus
573 1875 665 1910 erat
692 1863 923 1921 Thracio,
953 1864 1183 1927 Syrioque
1201 1899 1214 1922 ‚
1248 1864 1407 1912 deinde

126 1938 177 1984 &
196 1937 439 2000 AEgyptio‚
467 1937 730 1985 athletarum
752 1955 855 1984 cum
881 1939 1064 1984 decreto
1081 1974 1095 1994 ,
1120 1954 1316 2001 quorum
1335 1956 1409 1986 ca-

126 2009 292 2073 pacitas
333 2008 545 2072 jumentis
581 2007 760 2067 similis,
795 2026 928 2072 quem
965 2010 1157 2057 diximus
1203 2011 1408 2059 ordinem

128 2082 308 2129 fecerat.
363 2083 540 2129 Graecia
577 2084 628 2129 &
661 2083 899 2129 Ponticum
943 2083 1170 2141 laudavit,
1200 2085 1326 2147 quod
1363 2085 1409 2132 in

127 2157 295 2205 Italiam
348 2174 443 2203 non
485 2157 707 2220 pervenit.
766 2159 833 2203 Ex
884 2157 1010 2203 omni
1044 2159 1197 2205 eadem
1248 2176 1408 2222 genere

128 2230 254 2294 grani
291 2231 487 2292 praetulit
525 2231 804 2279 dracontiam
822 2268 834 2290 ‚
864 2231 1124 2295 firangknn,
1154 2234 1202 2279 &
1222 2233 1408 2279 Selenu-

128 2303 268 2361 fium,
288 2317 551 2367 argumento
584 2305 819 2352 craffiffimi
851 2305 1038 2352 calami:
1072 2306 1131 2352 ita
1162 2306 1316 2369 pingui
1340 2305 1409 2351 so-

131 2377 179 2423 lo
205 2378 298 2424 haec
337 2394 495 2441 genera
526 2378 775 2442 affignabat.
807 2379 1094 2426 Leviffimum
1131 2382 1179 2427 &
1215 2380 1409 2427 maxime

128 2450 284 2510 inane,
319 2450 391 2498 seu
423 2451 662 2499 tenuiffimi
698 2452 875 2513 calami,
915 2453 961 2500 in
995 2453 1187 2502 humidis
1222 2451 1304 2501 seri
1336 2451 1408 2514 ju-
