1653 2797
202 180 293 243 296
468 180 526 228 C.
576 178 842 226 PLINII
893 180 1261 230 SECUNDI

269 305 313 347 4.
348 303 403 334 IV
435 288 593 333 Nonas
623 286 743 333 Junii
776 287 938 333 iterum
965 288 1131 352 Aquila
1166 291 1373 339 exoritur
1397 303 1483 343 νεῖ

204 359 346 423 speri,
382 358 637 406 decretorio
659 358 729 405 die
760 358 1025 406 florentibus
1049 362 1161 409 oleis
1190 363 1445 428 vitibusque
1465 402 1481 425 ‚

204 433 234 483 fi
271 432 570 496 plenilunium
601 433 648 478 in
671 448 776 479 eum
801 431 983 480 incidat.
1011 436 1232 499 Equi-dem
1259 439 1310 485 &
1343 437 1484 484 solsti-

205 503 316 551 tium
339 517 436 549 VIII
465 503 689 550 Kalendas
714 503 831 550 Junii
856 504 985 550 fimili
1018 505 1143 551 causa
1170 507 1373 554 duxerim
1392 543 1407 566 ‚
1434 509 1486 558 &

207 577 345 622 Canis
371 587 522 626 ortum
551 574 651 638 post
670 576 762 622 dies
792 593 817 622 a
846 575 1033 622 solstitio
1060 591 1220 639 xxm,
1241 579 1312 627 sed
1345 581 1488 628 inter-

207 648 337 697 lunio
371 647 626 694 accidente:
662 647 879 710 quoniam
911 663 1084 709 vapore
1114 651 1288 698 constat
1327 653 1486 716 culpa,

207 719 413 783 acinique
447 731 802 784 praecoquuntur
838 719 886 765 in
922 720 1095 768 callum.
1139 723 1305 771 Rursus
1340 725 1486 787 pleni-

210 793 383 839 lunium
413 804 550 840 nocet
585 811 623 840 a,
654 792 694 839 d.
724 807 780 837 IV
804 793 960 838 Nonas
985 792 1116 851 Julii,
1155 811 1257 841 cum
1282 798 1488 860 AEgypto

210 866 427 913 Canicula
456 865 685 911 exoritur:
714 864 792 911 vel
822 876 942 917 corte
968 879 1061 912 XVI
1087 867 1313 914 Kalendas
1333 872 1487 932 Augu-

212 939 264 985 sti
287 975 299 995 ‚
333 956 432 985 cum
467 937 616 984 Italiae.
647 940 755 984 Item
787 953 883 985 xm
903 939 1128 987 Kalendas
1151 939 1361 1004 Augusti,
1385 958 1488 990 cum

210 1011 374 1073 Aquila
397 1009 566 1061 occidit
584 1046 597 1067 9
627 1009 765 1073 usque
784 1010 831 1056 in
854 1025 889 1056 X
911 1011 1137 1058 Kalendas
1167 1011 1376 1074 ejusdem.
1393 1016 1486 1059 Ex·-

209 1095 278 1130 tra
312 1083 388 1128 has
413 1081 559 1128 caulas
579 1081 681 1128 sunt
704 1082 885 1128 Vinalia
911 1083 1046 1129 altera
1062 1119 1074 1141 ‚
1108 1101 1209 1148 quae
1238 1096 1430 1149 aguntur
1448 1102 1488 1133 a.

211 1158 252 1204 d.
282 1156 684 1203 decimumtertium
715 1156 936 1202 Kalendas
959 1157 1243 1219 Septembris.
1290 1160 1438 1204 Varro
1466 1175 1492 1206 a

209 1229 408 1281 Fidicula
447 1228 691 1290 incipiente
734 1228 944 1274 occidere
985 1245 1116 1274 mane
1140 1266 1154 1285 ,
1196 1229 1492 1289 determinat,

209 1301 340 1364 quod
375 1299 476 1348 vult
516 1298 694 1346 initium
732 1299 934 1345 autumni
969 1299 1085 1357 effe,
1124 1302 1174 1348 δέ
1212 1301 1332 1347 hunc
1373 1300 1493 1350 diem

210 1373 370 1420 festum
407 1372 740 1434 tempestatibus
781 1371 997 1418 leniendis
1033 1372 1300 1420 institutum.
1351 1374 1492 1421 Nunc

210 1446 454 1494 fidiculam
475 1446 683 1492 occidere
705 1463 742 1491 a.
766 1445 806 1491 d.
833 1459 888 1490 V1
912 1446 1012 1492 Idus
1033 1447 1221 1510 Augusti
1240 1447 1458 1496 servatur.

298 1535 336 1583 5.
367 1523 483 1565 Intra
519 1521 616 1566 haec
653 1519 826 1566 constat
863 1520 1045 1567 caelestis
1077 1520 1289 1568 sterilitas.
1331 1523 1492 1587 Neque

209 1591 471 1656 negaverim
490 1591 611 1653 pofl'e
642 1608 738 1637 eam
755 1591 998 1653 permutari
1017 1593 1204 1640 arbitrio
1223 1594 1464 1658 legentium
1477 1631 1494 1654 ,

209 1664 424 1710 locorum
454 1661 763 1708 aestimantium
784 1674 975 1709 naturas.
1010 1664 1094 1709 Sed
1128 1682 1153 1710 a
1186 1665 1319 1712 nobis
1346 1667 1492 1713 ratio-

209 1755 315 1786 nem
358 1736 705 1783 demonstratam
737 1736 821 1782 effe
860 1736 956 1784 satis
984 1737 1046 1784 est
1076 1755 1085 1784 :
1128 1740 1301 1804 reliqua
1337 1739 1492 1786 obser„

208 1813 399 1860 vatione
430 1810 641 1874 cujusque
675 1811 960 1859 constabunt.
1001 1813 1280 1862 Alterutrum
1309 1815 1492 1878 quidem

209 1887 309 1934 fore
350 1887 397 1932 in
437 1885 588 1944 causa,
618 1885 709 1931 hoc
744 1885 832 1943 est,
864 1885 1162 1948 plenilunium
1193 1899 1268 1938 aut
1301 1888 1491 1935 interlu-

209 1961 364 2018 nium,
390 1975 485 2005 non
519 1958 603 2004 erit
637 1957 835 2008 dubium.
875 1959 931 2006 Et
964 1958 1012 2009 in
1047 1958 1136 2006 hoc
1171 1959 1377 2007 admirari
1408 1960 1491 2007 be-

209 2035 478 2098 nignitatem
506 2044 678 2078 naturae
711 2030 964 2079 succurrit:
1010 2029 1101 2093 jam
1140 2033 1339 2095 primum
1373 2032 1492 2081 hanc

208 2106 418 2169 injuriam
438 2105 646 2152 omnibus
666 2104 794 2150 annis
825 2104 1025 2151 accidere
1051 2122 1147 2156 non
1175 2107 1327 2169 poffe,
1353 2123 1490 2170 prop-

208 2192 278 2230 ter
309 2180 445 2229 statos
483 2179 672 2224 sideru-m
703 2176 883 2224 cursus:
921 2194 1005 2224 nec
1041 2177 1123 2223 nifi
1157 2179 1310 2240 paucis
1342 2180 1498 2226 τιθῶ-Γ

208 2256 293 2308 bus
321 2253 451 2300 anni:
489 2252 623 2315 idque
649 2252 832 2315 quando
864 2251 1067 2299 futurum
1092 2251 1144 2298 fit
1160 2288 1173 2310 ‚
1194 2251 1326 2300 facile
1349 2251 1490 2301 nosci.

210 2332 278 2376 Ac
309 2346 364 2374 ne
393 2344 474 2391 per
509 2343 666 2373 omnes
699 2325 869 2372 menses
899 2326 1130 2375 timeretur
1148 2362 1162 2384 ,
1192 2344 1345 2374 earum
1370 2342 1489 2389 quo-

210 2417 300 2464 que
339 2401 433 2462 lege
468 2397 658 2445 divisum
679 2434 695 2455 ,
735 2398 881 2444 aestate
915 2397 1159 2444 interlunia
1194 2410 1490 2462 praeterquam

211 2472 353 2524 biduo
379 2472 538 2535 secura*
555 2470 665 2530 effe,
695 2469 838 2521 hieme
858 2469 1126 2535 plenilunia:
1150 2487 1234 2523 nec
1263 2470 1346 2518 nifi
1375 2469 1490 2521 aesti-
