1653 2797
206 176 497 230 NATUR.
534 175 844 228 H-ISTOR.
882 181 1013 230 LIB.
1050 182 1244 231 XVII.
1318 197 1405 248 193

131 288 260 339 tione
279 290 478 355 pariendi
505 287 679 352 gracilis
703 299 839 350 atque
866 289 1070 350 ejuncida
1087 328 1102 350 ,
1126 292 1172 338 ni
1194 292 1409 339 cohibea-

131 376 206 411 tur
230 365 516 430 castigatione
547 361 654 419 tali,
682 360 730 406 in
762 359 924 407 foetum
959 378 1084 411 exeat
1120 377 1230 413 tota.
1285 364 1410 412 Nihil

134 439 312 485 avidius
343 435 560 483 nascitur:
593 450 645 480 ac
674 433 755 480 nifi
789 435 844 480 ad
873 435 1132 498 pariendum
1163 440 1285 486 vires
1320 436 1408 485 ser}

132 519 326 563 ventur,
358 517 454 552 tota
483 503 532 550 fit
559 504 711 551 foetus.

210 595 279 626 10.
312 578 581 624 Pedamenta
607 577 808 640 optima,
835 591 935 639 quae
964 575 1187 624 diximus:
1231 592 1308 626 aut
1348 581 1410 627 ria

131 651 246 699 dicae
281 665 308 696 e
340 649 541 706 robore,
570 649 784 712 oleaque:
830 660 907 694 aut
937 647 969 694 si
994 665 1090 695 non
1117 649 1230 709 sint,
1260 653 1351 714 pali
1386 670 1411 699 e

128 720 342 790 vjunipero
360 760 373 783 ,
404 723 634 787 cupreffo,
660 721 854 768 laburno
873 758 887 781 ,
923 721 1149 772 sambuco
1187 726 1411 789 Reliquo—

130 816 231 847 rum
264 813 476 864 generum
497 797 622 844 sudes
647 797 858 843 omnibus
880 798 1004 844 annis
1036 799 1308 846 reciduntur.
1329 802 1408 847 Sa-

130 872 375 919 luberrima
407 870 455 915 in
484 867 591 932 jugo
629 868 800 914 arundo
823 884 1030 915 connexa
1060 868 1302 929 fasciculis,
1326 873 1410 919 dua-

130 958 200 992 rat
217 943 366 1008 quinis
388 941 529 988 annis.
551 942 670 987 Cum
695 941 931 988 breviores
951 943 1155 1004 palmites
1184 943 1409 993 sarmento

131 1013 382 1080 junguntur
399 1014 516 1060 inter
532 1012 574 1058 se
593 1012 770 1059 funium
798 1016 940 1062 modo
958 1051 972 1073 ‚
994 1032 1050 1062 ex
1071 1017 1161 1064 hoc
1181 1029 1306 1067 arcus
1334 1020 1408 1067 fu⁶

133 1101 237 1136 neta
262 1087 488 1133 dicuntur.

203 1180 221 1209 1
237 1180 274 1210 1.
300 1161 481 1207 Tertius
510 1160 658 1207 vineae
681 1178 822 1209 annus
849 1159 1076 1224 palmitem
1099 1161 1308 1208 velocem
1333 1179 1410 1208 ro·

129 1234 398 1296 bustumque
429 1232 615 1291 emittit,
642 1235 692 1281 ὃ(
719 1250 852 1297 quem
871 1232 979 1279 facit
1011 1247 1112 1279 aetas
1145 1235 1298 1280 vitem.
1325 1235 1412 1281 Hic

130 1309 180 1355 in
203 1306 360 1372 jugum
387 1305 533 1353 infilit.
559 1308 761 1367 Quidam
783 1323 892 1353 tunc
921 1320 1150 1354 excaecant
1179 1325 1280 1354 eum
1298 1345 1311 1366 ‚
1339 1308 1411 1354 su-

130 1383 238 1447 pina
270 1380 384 1428 falce
413 1379 655 1427 auferendo
683 1382 866 1439 oculos,
897 1394 947 1427 ut
972 1382 1151 1445 longius
1181 1398 1408 1441 evocent,

131 1455 273 1502 noxia
302 1452 477 1514 injuria.
513 1453 683 1500 Utilior
710 1453 828 1499 enim
864 1452 1144 1499 consuetudo
1173 1455 1409 1516 pariendi,

129 1526 349 1591 satiusque
372 1525 607 1588 pampinos
636 1525 854 1588 adjugatae
883 1525 1108 1587 detergere
1125 1562 1138 1583 ,
1158 1525 1296 1590 usque
1316 1545 1408 1591 quo

128 1600 302 1665 placeat
325 1597 532 1644 roborari
565 1614 676 1643 eam.
712 1599 824 1644 Sunt
851 1598 930 1663 qui
962 1605 1120 1646 vetant
1150 1601 1272 1663 tangi
1298 1619 1408 1664 pro-v

130 1675 257 1720 ximo
276 1686 398 1718 anno
418 1687 552 1734 quam
576 1671 788 1717 translata
805 1673 875 1717 fit:
899 1689 1047 1736 neque
1073 1686 1176 1719 ante
1199 1687 1262 1719 LX
1284 1692 1410 1721 men-

129 1745 222 1794 sem
243 1742 357 1792 falce
388 1745 558 1791 curari:
596 1755 704 1791 tunc
737 1759 884 1791 autem
920 1745 975 1792 ad
1001 1761 1089 1792 tres
1121 1764 1315 1809 gemmas
1336 1766 1408 1794 re-

133 1820 236 1866 cidi.
270 1818 363 1865 Alii
384 1820 433 1865 &
463 1817 679 1881 proximo
712 1818 891 1882 quidem
913 1834 1032 1864 anno
1061 1819 1271 1866 recidunt
1290 1857 1303 1877 ‚
1338 1821 1412 1868 sed

133 1903 185 1937 'ut
215 1902 370 1937 ternos
400 1891 698 1953 quaternosve
730 1892 909 1954 singulis
943 1892 1070 1937 annis
1103 1891 1314 1951 adjiciant
1341 1912 1413 1941 ar-

63 1985 68 1989 ·
132 1964 324 2021 ticulos‚
359 1977 521 2028 quarto
563 1967 741 2012 demum
780 1966 1024 2028 perducant
1065 1965 1121 2012 ad
1153 1965 1321 2030 jugum.
1362 1969 1410 2015 Id

132 2048 377 2100 utrumque
412 2035 604 2083 frustum
641 2038 846 2093 tardum,
884 2051 1096 2100 praeterea
1139 2041 1412 2087 retorridum

134 2111 186 2156 &
217 2109 442 2156 nodosum
465 2109 635 2167 reddit,
657 2110 959 2173 pumilionum
984 2111 1280 2159 incremento.
1306 2115 1411 2177 Op-

133 2181 296 2227 timum
324 2195 496 2240 autem,
521 2196 708 2230 matrem
736 2182 819 2228 effe
846 2180 1017 2228 firmam
1033 2219 1046 2240 ‚
1066 2184 1221 2246 postea
1248 2186 1412 2232 foetum

133 2255 361 2302 audacem.
381 2257 479 2303 Nec
501 2269 649 2303 tutum
669 2257 730 2302 est
749 2256 874 2321 quod
893 2256 1204 2304 cicatricosum
1219 2295 1231 2315 ,
1247 2276 1413 2322 magno

132 2328 370 2392 imperitiae
396 2342 560 2377 errore.
594 2329 828 2393 Quidquid
856 2329 917 2375 est
952 2330 1067 2386 tale,
1095 2331 1234 2393 plagis
1272 2332 1412 2377 nasci-

134 2413 234 2458 tur,
262 2418 357 2447 non
387 2418 410 2448 e
427 2414 582 2449 matre.
603 2403 745 2448 Totas
766 2402 886 2447 enim
906 2401 1038 2447 habet
1070 2401 1144 2446 illa
1170 2402 1284 2446 vires
1307 2403 1412 2449 dum

134 2474 406 2522 roboratur:
438 2476 489 2523 δι
508 2491 681 2522 annuos
707 2475 870 2537 accipit
889 2488 986 2520 tota
1008 2474 1167 2530 foetus,
1191 2492 1293 2522 cum
1311 2493 1415 2538 per-

1044 2548 1088 2592 N
1124 2563 1146 2592 2.
