1653 2797
233 128 294 187 33
486 125 539 173 c.
590 125 849 171 PLINII
895 126 1303 203 SECUNDtJ

234 234 475 281 oculorum
493 232 692 290 hulcera,
711 233 910 280 tremulae
929 253 1084 283 manus
1096 272 1109 295 ,
1130 238 1405 288 effundentes
1420 241 1513 304 ple-

235 324 293 352 na
316 308 417 354 vasa
427 343 443 365 ‚
465 309 516 354 δε
536 306 658 371 (quae
675 307 728 354 fit
747 325 886 371 poena
910 309 1124 375 praesens)
1145 310 1322 358 furiales
1343 312 1514 374 somni,

234 381 287 425 δε
308 380 482 434 inquies
507 383 723 428 nocturna
740 418 753 440 ‚
779 383 1102 447 praemiumque
1123 384 1340 436 summum
1368 386 1516 434 ebrie-2

238 452 338 498 tatis
370 452 511 501 libido
531 453 812 516 portentosa,
847 471 897 500 ac
921 453 1163 516 jucundum
1190 456 1326 504 nefas.
1363 457 1516 504 Poste·-

239 541 287 570 ra
316 525 384 571 die
417 543 472 576 ex
503 544 581 573 ore
609 527 772 575 halitus
799 526 922 583 cadi,
944 545 994 573 ac
1023 527 1114 574 fere
1139 545 1288 575 rerum
1312 530 1516 578 omnium

241 596 452 655 oblivio,
485 598 692 662 morsque
725 598 968 646 memoriae.
1000 600 1170 663 Rapere
1207 600 1248 647 se
1282 602 1343 648 ita
1375 601 1516 649 vitam

240 665 487 728 praedicant
506 703 520 724 ‚
554 684 656 713 cum
689 666 884 728 priorem
916 667 1032 719 diem
1065 669 1267 732 quotidie
1295 671 1517 733 perdant,

240 737 309 787 illi
332 755 445 786 vero
467 742 516 787 &
542 739 812 789 venientem.

308 810 495 858 Tiberio
529 811 722 857 Claudio
746 810 949 872 principe
977 821 1078 856 ante
1094 810 1178 857 hos
1199 827 1342 859 annos
1363 826 1430 859 XL
1447 813 1520 859 in*

243 881 441 929 stitutum
459 919 472 941 ,
490 894 540 928 ut
556 882 697 943 jejuni
714 881 918 928 biberent
935 917 948 938 ‚
975 880 1198 945 potusque
1216 883 1314 929 vini
1341 896 1521 932 antece-

244 955 370 1000 deret
389 955 542 1007 cibos:
578 953 773 1000 externis
804 954 854 999 &
884 952 972 999 hoc
1005 953 1202 1010 artibus,
1232 970 1282 999 ac
1315 955 1522 1011 medico-

244 1045 344 1074 rum
371 1027 546 1089 placitis
578 1027 782 1073 novitate
807 1026 956 1089 aliqua
981 1025 1064 1072 sese
1094 1029 1519 1079 commendantium.

246 1101 451 1148 Gloriam
474 1102 555 1152 hac
584 1101 753 1152 virtute
775 1099 927 1146 Parthi
958 1111 1189 1162 quaerunt‚
1218 1100 1379 1148 famam
1403 1103 1520 1165 apud

245 1175 434 1220 Graecos
468 1172 722 1220 Alcibiades
754 1170 918 1218 meruit
939 1205 952 1228 ‚
988 1170 1108 1233 apud
1145 1187 1231 1218 nos.
1263 1189 1520 1235 cognomen

243 1244 377 1291 etiam
398 1242 641 1291 Novellius
661 1246 921 1305 Torquatus
942 1241 1287 1290 Mediolanensis
1301 1279 1315 1301 ‚⁷
1333 1244 1388 1291 ad
1407 1245 1520 1291 Pro*

246 1317 530 1365 consulatum
562 1317 699 1379 usque
733 1333 755 1362 e
777 1317 970 1363 Praetura
995 1315 1246 1362 honoribus
1268 1317 1417 1380 gestis,
1437 1320 1520 1365 tri«-

245 1392 328 1438 bus
367 1389 540 1454 congiis
576 1388 716 1453 (unde
752 1390 802 1436 &
838 1403 1097 1451 cognomen
1132 1388 1196 1433 illi
1230 1388 1337 1453 fuit)
1374 1392 1521 1454 epotis

246 1481 341 1510 uno
371 1464 570 1526 impetu,
599 1462 817 1525 spectante
843 1461 1047 1507 miraculi
1071 1461 1210 1525 gratia
1227 1462 1300 1508 Ti.
1326 1462 1520 1511 Claudio

247 1537 479 1601 principe,
506 1536 553 1582 in
576 1537 744 1583 senecia
767 1535 854 1596 jam
875 1534 1033 1587 severo
1048 1570 1064 1592 ,
1089 1546 1219 1598 atque
1243 1535 1376 1582 etiam
1394 1535 1519 1583 saevo

247 1610 384 1657 aliast
422 1609 495 1661 sed
523 1609 614 1672 ipsa
642 1608 828 1670 juventa
861 1608 916 1654 ad
940 1624 1113 1654 merum
1143 1607 1336 1670 pronior
1361 1608 1520 1660 fuerat.

245 1686 399 1747 anue
432 1681 825 1734 commendatione
860 1680 1082 1734 credidere
1115 1682 1179 1728 L:
1193 1679 1397 1728 Pisonem
1428 1683 1519 1727 Ur*

245 1758 313 1805 bis
338 1757 498 1802 Romae
535 1772 653 1802 curae
673 1755 730 1801 ab
764 1770 821 1800 eo
847 1753 1062 1805 delectum
1077 1788 1091 1812 ‚
1109 1752 1233 1816 quod
1251 1753 1389 1800 biduo
1408 1754 1518 1800 dua*-

242 1829 414 1893 busque
447 1827 652 1874 noctibus
684 1825 1048 1889 perpotationem
1079 1825 1376 1877 continuasset
1398 1826 1520 1888 apud

242 1902 391 1965 ipsum
419 1901 508 1964 jam
528 1900 793 1963 principem.
823 1899 920 1945 Nec
950 1898 1040 1945 alio
1068 1898 1206 1962 magis
1225 1898 1396 1950 Drusus
1415 1900 1522 1945 Cae-

244 1977 312 2024 sar
341 1976 610 2040 regenerasse
649 1987 820 2038 patrem
853 1972 1085 2025 Tiberium
1121 1971 1357 2026 ferebatur,
1396 1977 1519 2022 Tor,

243 2062 383 2114 quato
408 2068 506 2097 rara
528 2049 671 2113 gloria
694 2048 906 2112 (quando
935 2048 984 2098 ,ὃς
1014 2047 1106 2092 haec
1136 2063 1205 2092 ars
1236 2046 1319 2093 suis
1349 2046 1518 2111 legibus

244 2122 441 2186 constat)
475 2139 570 2168 non
603 2122 760 2168 labaffe
794 2120 1027 2177 sermone,
1062 2135 1157 2165 non
1195 2118 1392 2166 levatum
1425 2135 1519 2167 vo—

244 2197 465 2254 mitione,
504 2212 599 2241 non
637 2195 773 2241 altera
805 2193 1011 2255 corporis
1048 2203 1205 2254 parte,
1246 2191 1350 2238 dum
1388 2192 1517 2239 bibe-

242 2281 337 2317 ret:
370 2269 607 2314 matutinas
639 2266 777 2312 obisse
808 2265 982 2329 vigilias
1004 2300 1017 2322 ‚
1050 2263 1292 2326 plurimum
1327 2264 1517 2311 haufiffe

243 2357 338 2387 uno
370 2352 512 2401 potu:
544 2338 784 2401 plurimum
805 2349 1017 2399 praeterea
1043 2335 1137 2382 aliis
1161 2336 1414 2403 minoribus
1437 2335 1517 2382 ad*-

244 2413 425 2460 didiffe:
462 2412 632 2474 optima
666 2409 750 2455 fide
787 2426 882 2455 non
908 2407 1129 2470 respirasse
1159 2407 1207 2453 in
1241 2406 1518 2466 hauriendo,
