1653 2797
242 175 326 219 140
492 157 1265 206 C.PL1N115ECUND1

234 285 430 332 numque
448 265 710 329 conjungat.
741 265 949 313 Cornum
968 266 1160 313 maxime
1180 265 1305 315 audit
1322 267 1477 316 sorbus
1492 305 1507 328 ,

233 342 463 403 carpinus,
486 340 630 388 buxus
645 375 659 396 ‚
677 338 831 401 postea
856 338 962 384 tilia.
997 339 1266 404 Cuicumque
1294 341 1424 404 operi
1445 340 1507 388 fa-

234 414 362 473 cilia,
388 413 554 461 flexilia
579 412 758 470 omnia,
781 429 885 475 quae
916 411 1035 459 lenta
1068 413 1305 462 diximus:
1325 425 1508 476 praeter-

231 502 348 547 que,
379 502 534 533 morus
563 486 613 532 δε
645 483 892 547 caprificus.
943 484 1202 543 Serrabilia,
1231 501 1282 532 ac
1313 483 1476 531 seffllia
1494 520 1510 543 ‚

234 576 334 622 quae
378 559 558 607 modice
603 558 798 604 humida.
847 558 985 604 Arida
1025 559 1145 605 enim
1181 558 1344 606 lentius
1381 557 1510 604 serrae

234 632 429 679 cedunt:
470 631 632 678 viridia
650 667 664 690 ,
690 643 851 693 praeter
883 630 1024 677 robur
1056 632 1106 678 &
1136 631 1340 691 buxum,
1371 630 1511 695 perti-

232 704 390 751 nacius
409 704 612 751 resistunt
627 740 640 762 ‚
664 704 969 765 serrarumque
989 703 1140 749 dentes
1164 705 1339 767 replent
1360 722 1510 768 aequa-

233 776 356 824 litate
399 778 566 825 inerti:
614 795 702 841 qua
739 776 792 821 de
831 774 956 822 causa
1002 774 1172 823 alterna
1217 777 1513 825 inclinatione

234 863 422 914 egerunt
464 849 658 897 scobem.
725 847 1096 895 Obedientiffima
1140 866 1418 912 quoeunque
1466 850 1514 896 in

235 939 373 985 opere
409 922 640 981 fraxinus,
670 922 911 984 eademque
948 921 1079 969 hastis
1119 922 1287 988 corylo
1323 922 1514 980 melior,

236 1011 381 1041 cornu
413 993 592 1052 levior,
621 992 758 1039 sorbo
787 992 969 1040 lentior.·
1011 993 1187 1041 Gallica
1213 1011 1355 1053 vero,
1383 994 1517 1042 etiam

235 1068 290 1114 ad
323 1084 477 1115 currus
506 1067 747 1125 flexibilis,
773 1069 915 1116 vitem
949 1069 1230 1115 aemularetur
1259 1068 1436 1128 ulmus,
1467 1068 1516 1116 ni

234 1142 413 1204 pondus
446 1141 551 1187 effet
585 1140 633 1187 in
665 1140 810 1204 culpa.

313 1217 568 1267 LXXXIV.
608 1214 767 1261 Facilis
795 1216 846 1261 δε
879 1213 1032 1278 fagus,
1065 1229 1322 1277 quanquam
1348 1212 1518 1277 fragilis

237 1288 289 1334 ὅ(
318 1303 482 1334 tenera.
518 1288 682 1334 Eadem
712 1286 933 1333 seffllibus
963 1285 1139 1333 laminis
1160 1285 1207 1331 in
1230 1272 1360 1331 ienui
1390 1285 1520 1333 flexi-

238 1361 317 1419 Es,
348 1360 572 1424 capfisque
605 1378 656 1407 ac
687 1360 859 1407 scriniis
888 1359 981 1407 sola
1008 1358 1143 1406 utilis.
1181 1359 1365 1406 Secatur
1383 1358 1432 1405 in
1454 1360 1535 1406 la-

237 1433 381 1481 minas
398 1449 647 1496 praetenues
668 1435 717 1480 &
735 1433 824 1480 ilex
840 1469 854 1492 ,
873 1433 1030 1480 colore
1055 1448 1240 1496 quoque
1257 1448 1354 1478 non
1372 1431 1522 1496 ingm-

237 1519 311 1552 ta:
344 1505 417 1552 sed
439 1506 632 1552 maxime
664 1505 750 1552 fida
774 1506 828 1552 iis
854 1523 955 1569 quae
980 1516 1180 1552 terantur
1196 1540 1210 1563 ‚
1236 1516 1288 1551 ut
1316 1516 1518 1552 rotarum

239 1579 394 1635 axibus
416 1595 427 1622 ε
460 1579 515 1625 ad
541 1595 658 1643 quos
686 1578 861 1625 lentore
891 1577 1091 1625 fraxinus
1120 1577 1271 1634 utilis,
1297 1577 1411 1625 ficut
1434 1577 1517 1623 du-

239 1652 342 1698 ritia
372 1651 462 1697 ilex
480 1686 492 1709 ,
516 1652 566 1698 &
592 1650 977 1714 utroque'legitur
1004 1650 1163 1697 ulmus.
1195 1650 1308 1695 Sunt
1332 1666 1445 1697 vero
1468 1650 1519 1697 δε

239 1725 372 1787 parvi
392 1722 493 1769 usus
523 1723 750 1771 fabrilium
778 1721 1126 1770 ministeriorum
1156 1722 1359 1786 insignes.
1389 1722 1520 1770 Ideo-

240 1814 329 1858 que
348 1797 603 1860 proditum,
620 1796 804 1842 terebris
826 1796 1011 1860 vaginas
1040 1812 1096 1842 ex
1116 1794 1308 1842 oleastro
1324 1830 1339 1853 ,
1358 1795 1483 1842 buxo
1503 1831 1518 1853 ‚

240 1871 524 1929 ilice‚·ulmo
543 1907 558 1929 ‚
588 1869 795 1929 fraxino,
827 1869 1071 1917 utilissimas
1105 1869 1217 1916 fieri.v
1264 1873 1332 1916 Ex
1365 1869 1520 1917 iisdem

241 1943 455 2003 malleos,
484 1942 760 2007 majoresque
791 1960 815 1989 e
848 1943 959 2006 pinu
992 1945 1040 1991 &
1071 1943 1187 1990 ilice.
1236 1943 1310 1990 Est
1338 1942 1405 1990 his
1438 1961 1519 1990 au·-

242 2027 333 2063 tem
366 2016 511 2078 major
545 2018 599 2063 ad
633 2015 887 2063 firmitatem
916 2015 1041 2063 causa
1073 2015 1349 2080 tempestivae
1385 2015 1522 2063 caesu-

243 2106 305 2136 rae
322 2125 337 2146 ‚
363 2105 498 2152 quam
529 2089 778 2136 immaturae
807 2107 817 2135 :
853 2089 1019 2152 quippe
1055 2107 1157 2136 cum
1193 2105 1250 2135 ex
1279 2088 1408 2147 olea,
1435 2087 1522 2135 du-

243 2165 414 2213 riffimo
438 2165 593 2228 ligno,
619 2165 821 2212 cardines
848 2165 895 2211 in
920 2164 1096 2211 foribus
1125 2163 1291 2212 diutius
1316 2163 1520 2222 immoti,

245 2238 407 2301 plantae
440 2239 582 2284 modo
608 2237 972 2302 germinaverint.
1013 2238 1131 2285 Cato
1161 2237 1309 2283 vestes
1337 2234 1521 2300 aquifo-

246 2312 361 2369 lios,
381 2310 580 2369 lanreos,
609 2310 784 2356 ulmeos
816 2309 913 2356 fieri
947 2309 1087 2370 jubet.
1119 2309 1332 2373 Hyginus
1363 2324 1520 2355 manu-

248 2385 344 2432 bria
373 2384 544 2432 rusticis
579 2383 809 2447 carpinea,
840 2382 1003 2447 iligna,
1038 2398 1199 2429 cerrea.

313 2461 430 2520 Quae
448 2459 496 2508 in
514 2459 697 2508 laminas
715 2459 937 2519 secantur,
958 2473 1238 2523 quorumque
1263 2453 1520 2520 operimen-
