1653 2797
295 150 384 210 238
561 148 1341 198 C.PL1N118ECUND1

289 257 391 303 faba
422 255 514 302 sola
532 293 546 315 ,
566 273 681 303 unus
700 258 749 303 δε
775 254 961 319 lupinis:
987 255 1143 302 ceteris
1172 256 1370 304 ramosus
1398 270 1560 321 praete-

288 331 367 376 nui
389 329 594 377 surculo:
623 330 833 376 omnibus
867 347 981 377 vero
1005 328 1242 378 fistulosus.

355 401 531 448 Folium
565 402 767 465 quaedam
797 402 851 449 ab
885 403 1033 449 radice
1067 403 1280 462 mittunt,
1309 404 1511 468 quaedam
1540 422 1566 452 a

287 475 533 522 cacumine.
568 477 855 522 Frumentum
884 493 1024 534 vero,
1058 479 1107 524 &
1133 477 1357 524 hordeum
1375 514 1390 536 ,
1419 479 1564 526 vicia-

285 564 375 610 que
389 585 403 607 ,
425 551 475 596 &
499 549 716 612 quidquid
738 549 782 594 in
804 548 960 612 stipula
986 549 1073 608 est,
1106 549 1151 596 in
1174 552 1401 598 cacumine
1421 569 1564 599 unum

286 621 447 668 folium
478 622 623 668 habet.
659 623 743 668 Sed
768 622 943 667 hordeo
967 621 1113 668 scabra
1144 622 1268 682 sunt,
1300 624 1455 671 ceteris
1481 624 1561 670 lae-

284 697 375 743 via.
411 697 680 760 Multiplicia
700 709 858 743 contra
879 696 1017 754 fabae,
1040 696 1196 756 ciceri,
1219 697 1330 760 piso.
1352 702 1564 745 Frumen-

280 770 338 816 tis
361 770 522 817 folium
551 770 921 826 arundinaceum,
947 768 1058 814 fabae
1076 770 1322 816 rotundum
1338 807 1354 830 ‚
1369 773 1420 819 ὃς
1440 789 1559 836 mag-

280 861 352 890 nae
371 844 646 908 leguminum
667 842 797 905 parti.
821 842 1049 905 Longiora
1066 841 1261 900 erviliae,
1281 842 1331 889 &
1350 842 1460 904 piso.
1481 847 1558 890 Fa-

279 917 412 964 seolis
448 914 649 962 venosa:
685 913 887 973 sesamae,
921 916 970 962 &
1001 911 1138 961 irioni
1177 913 1424 977 sanguinea.
1467 916 1560 961 Ca—

281 990 395 1036 dunt
417 989 527 1035 folia
565 988 726 1051 lupino
746 999 942 1047 tantum,
974 991 1023 1036 &
1046 989 1272 1052 papaveri.
1315 988 1559 1052 Legumina

280 1060 445 1108 diutius
467 1061 660 1118 florent,
687 1062 736 1108 &
765 1076 819 1106 ex
845 1060 913 1107 his
935 1078 1094 1108 ervum
1113 1079 1164 1108 ac
1185 1060 1303 1108 cicer
1323 1079 1333 1107 :
1364 1060 1437 1108 sed
1462 1062 1557 1108 diu-

276 1135 436 1182 t-iffime
483 1134 582 1181 faba
617 1148 682 1179 XL
716 1134 882 1182 diebus.
920 1136 1029 1181 Non
1070 1146 1219 1181 autem
1247 1134 1404 1198 singuli
1437 1134 1556 1198 scapi

274 1209 468 1267 tamdiu,
498 1208 716 1272 quoniam
749 1206 838 1253 alio
872 1207 1095 1253 desinente
1124 1207 1233 1253 alius
1250 1206 1437 1269 incipit:
1470 1223 1554 1254 nec

275 1295 372 1329 tota
405 1282 548 1345 seges,
570 1281 682 1327 sicut
700 1279 911 1326 frumenti
929 1317 942 1338 ‚
963 1280 1142 1342 pariter.
1172 1279 1445 1343 Siliquantur
1467 1297 1552 1326 ve-

274 1372 329 1402 ro
356 1354 509 1402 omnia
538 1353 720 1400 diversis
752 1352 905 1399 diebus
922 1389 936 1410 ‚
968 1354 1018 1400 &1
1043 1352 1096 1398 ab
1125 1351 1214 1398 ima
1233 1351 1427 1414 primum
1445 1369 1550 1415 par-

273 1442 340 1488 te,
378 1427 592 1491 paulatim
632 1427 745 1473 flore
773 1426 1000 1472 subeunte.

337 1501 379 1545 6.
407 1503 642 1545 Frumenta
659 1534 673 1556 ‚
701 1515 801 1544 cum
828 1498 1076 1545 defloruere
1095 1535 1109 1557 ‚
1139 1497 1430 1556 crassescunt,
1451 1515 1547 1545 ma-

269 1583 564 1634 turanturque
602 1587 704 1616 cum
744 1571 988 1633 plurimum
1039 1573 1193 1618 diebus
1227 1573 1548 1636 quadraginta:

270 1647 377 1693 item
415 1644 540 1690 faba:
576 1643 841 1706 pauciffimis
884 1644 1013 1691 cicer.
1062 1646 1109 1691 Id
1146 1646 1265 1692 enim
1297 1663 1321 1692 a
1352 1645 1545 1692 semente

268 1718 423 1765 diebus
443 1730 509 1762 XL
541 1715 783 1779 perficitur.
819 1716 1025 1775 Milium,
1054 1718 1105 1763 &
1134 1717 1372 1780 panicum,
1402 1719 1452 1765 &
1478 1717 1543 1764 se·-

266 1791 418 1847 sama,
446 1790 495 1835 Sc
528 1788 682 1834 omnia
717 1787 892 1844 aestiva,
927 1801 992 1833 XL
1018 1788 1170 1835 diebus
1207 1800 1485 1835 maturantur
1519 1807 1545 1838 a

265 1865 381 1910 flore
396 1900 409 1921 ,
431 1878 589 1925 magna
614 1873 743 1908 terrae
767 1861 952 1924 caelique
973 1860 1234 1907 differentia.
1269 1863 1320 1906 In
1339 1862 1543 1924 AEgypto

265 1938 385 1984 enim
413 1936 633 1981 hordeum
652 1934 777 1982 sexto
811 1952 836 1981 a
864 1934 957 1980 satu
987 1934 1162 1993 mense,
1192 1934 1414 1980 frumenta
1440 1934 1540 1997 sep·

264 2011 378 2056 timo
425 2021 667 2055 metuntur.
712 2012 761 2056 In
800 2007 1010 2066 Hellade,
1047 2008 1280 2055 hordeum.
1318 2010 1368 2053 In
1403 2008 1538 2053 Pelo-

265 2079 468 2145 ponneso
507 2083 702 2139 octavo,
741 2083 790 2129 δέ
826 2080 1047 2127 frumenta
1081 2081 1324 2127 etiamnum
1357 2080 1538 2127 tardius.

265 2157 419 2201 Grana
450 2154 495 2199 in
530 2153 689 2215 stipula
722 2153 887 2200 crinito
917 2164 1046 2199 textu
1082 2152 1318 2215 spicantur.
1358 2155 1407 2199 In
1437 2151 1537 2199 faba

263 2224 676 2288 leguminibusque,
695 2223 873 2269 alternis
894 2223 1102 2270 lateribus
1122 2223 1394 2287 siliquantur.
1423 2227 1453 2270 F
1457 2240 1534 2270 or-

262 2299 379 2345 tiora
414 2299 469 2344 ad
499 2298 664 2343 hiemes
697 2297 949 2355 frumenta,
983 2297 1203 2361 legumina
1235 2298 1280 2344 in
1301 2298 1427 2345 cibo.-

328 2391 370 2434 7.
402 2372 590 2418 Tunicae
614 2369 841 2417 frumento
877 2371 1040 2433 plures,
1079 2371 1311 2418 Hordeum
1340 2370 1532 2417 maxime

265 2446 462 2504 nudum,
493 2445 543 2490 &
569 2443 743 2501 arinca,
772 2441 843 2489 sed
879 2444 1100 2506 praecipue
1133 2460 1288 2491 avena.
1325 2442 1531 2491 Calamus
