1653 2797
234 146 328 189 400
487 122 1289 171 ‘CPLINIISECUNnt
1354 140 1357 142 “

233 251 423 301 quoque
451 231 651 281 claritati.
683 234 900 279 Praeterea
926 229 1142 276 insaniam
1166 229 1313 277 facere
1332 265 1347 288 ‚
1369 233 1420 280 &
1445 230 1512 277 le-

234 312 418 373 thargos
435 344 450 367 ‚
479 310 529 356 &
556 305 768 369 jocineris
792 305 904 356 ‚vitia
925 323 936 350 ε
964 305 1155 368 ideoque
1185 322 1344 368 capras.
1367 304 1413 350 id
1439 305 1514 350 ad·

235 383 432 448 iliez-nati
446 420 462 440 ,
482 380 740 430 hominibus
760 397 942 445 quoque
960 379 1219 443 fugiendum
1237 379 1399 427 censet.
1419 379 1516 426 Ad-

236 460 348 507 dunt
367 458 575 522 quidam,
606 455 761 502 tritum
792 454 825 500 fi
854 454 1083 516 operiatur
1107 453 1252 516 lapide
1270 489 1284 511 ,
1305 452 1514 516 scorpio-

237 549 341 579 nem
369 531 546 594 gignere
567 547 577 576 ε
602 527 1024 576 commanducatum
1043 525 1155 572 &in
1173 526 1278 572 Sole
1302 525 1516 588 positum,

236 620 259 655 ’ς
277 620 416 651 ermes
448 602 617 649 afferre.
647 601 745 649 Afri
767 615 881 647 vero
903 634 916 654 ,
945 598 977 643 fi
1007 613 1062 644 eo
1090 598 1159 644 die
1193 597 1372 645 feriatur
1397 598 1517 662 quis-

237 680 359 743 piam
377 695 402 725 a
415 676 654 739 scorpione
671 711 684 732 ‚
706 689 797 737 quo
816 672 956 719 ederit
978 672 1181 719 ocimum
1195 707 1210 728 ‚
1236 671 1404 719 servari
1421 689 1517 719 non

237 750 378 814 posse.
406 747 533 809 Quin
561 748 703 792 immo
734 745 918 792 tradunt
950 743 1090 806 aliqui
1117 742 1348 807 manipulo
1381 744 1521 791 ocimi

237 841 348 872 cum
370 820 540 869 cancris
564 819 718 866 decem
738 817 921 864 marinis
953 817 1030 863 vel
1053 816 1346 863 fluviatilibus
1371 817 1482 862 trito
1503 850 1520 874 ,

238 894 493 943 convenire
533 893 588 939 ad
614 892 661 938 id
689 890 950 953 scorpiones
984 907 1041 937 ex
1077 890 1308 954 proxima
1346 890 1522 938 Diodo-

239 980 314 1015 tus
350 968 397 1013 in
437 964 660 1027 empiricis
690 999 706 1023 ,
745 964 880 1010 etiam
921 963 1152 1027 pediculos
1198 962 1344 1010 facere
1383 961 1522 1009 ocimi

239 1042 410 1089 cibum.

307 1115 592 1160 Secuta‘aetas
621 1111 780 1159 acriter
804 1108 1003 1157 defendit
1023 1127 1033 1156 ε
1059 1125 1163 1156 nam
1179 1108 1226 1155 id
1249 1105 1334 1155 effe
1354 1123 1520 1170 capras.

240 1187 342 1235 Nec
368 1187 572 1250 cuiquam
598 1197 793 1231 mentem
817 1196 1015 1231 motam:
1040 1185 1089 1231 &
1116 1181 1408 1245 scorpionum
1429 1193 1521 1226 ter—

240 1262 445 1310 restrium
467 1261 626 1308 ictibus
645 1297 658 1319 ,
682 1260 1049 1323 marinorumque
1068 1258 1257 1305 venenis
1280 1255 1448 1302 mederi
1467 1272 1523 1301 ex

242 1335 360 1382 vino
381 1370 394 1393 ‚
421 1333 575 1380 addito
611 1346 740 1380 aceto
770 1333 950 1397 exiguo.
982 1331 1076 1379 Usu
1096 1347 1280 1395 quoque
1313 1345 1523 1392 comper·-

243 1421 340 1456 tum
370 1406 677 1454 deficientibus
704 1424 759 1453 ex
791 1419 918 1454 aceto
947 1406 1184 1453 odoratum
1217 1404 1397 1452 salutare
1425 1404 1524 1451 effe.

247 1485 357 1528 Item
379 1480 630 1544 lethargicis
650 1517 662 1537 ‚
685 1483 734 1528 δε
753 1480 1035 1527 inflammatis
1053 1479 1396 1544 refrigerationi.
1431 1477 1525 1524 Illi-

245 1564 343 1600 tum
374 1552 528 1614 capitis
563 1552 796 1598 doloribus
835 1569 936 1598 cum
966 1552 1152 1598 rosaceo
1173 1588 1186 1610 ‚
1211 1562 1286 1598 aut
1309 1562 1524 1615 myrteo,

246 1638 323 1673 aut
346 1637 474 1672 aceto
496 1642 507 1671 ε
530 1624 636 1670 item
658 1624 902 1671 oculorum
933 1625 1160 1687 epiphoris
1190 1625 1446 1687 impositum
1468 1641 1525 1670 ex

247 1699 379 1747 vino.
394 1698 637 1745 Stomacho
655 1715 836 1761 quoque
853 1697 961 1744 utile
974 1735 989 1756 ,
1011 1698 1265 1745 inflationes
1286 1700 1335 1746 &
1351 1698 1524 1744 ructum

248 1791 306 1820 ex
326 1785 454 1820 aceto
484 1771 722 1817 dissolvere
743 1770 946 1818 sumtum.
992 1771 1160 1818 Alvum
1181 1771 1323 1818 sistere
1346 1770 1525 1833 imposi-

247 1858 375 1902 tum,
395 1843 570 1889 urinam
598 1842 728 1889 ciere.
755 1843 826 1889 Sic
855 1845 905 1891 &
929 1843 1093 1889 morbo
1123 1843 1248 1907 regio
1275 1845 1323 1891 &
1351 1841 1528 1906 hydro-

248 1919 361 1983 picis
390 1917 604 1981 prodesse.
626 1916 846 1964 Choleras
878 1933 934 1963 eo
959 1918 1009 1964 &
1035 1916 1341 1963 distillationes
1360 1915 1526 1963 stoma—

251 1991 328 2038 chi
354 1990 558 2036 inhiberi.
588 1992 706 2053 Ergo
734 1990 866 2035 etiam
895 1989 1092 2037 coeliacis
1120 1987 1353 2036 Philistion
1384 1989 1526 2034 dedit:

251 2066 303 2112 &
330 2065 509 2110 coitum
527 2064 813 2128 dysentericis
830 2099 843 2122 ‚
872 2065 921 2110 &
950 2062 1106 2110 colicis
1131 2062 1409 2110 Plistonicus.
1428 2062 1528 2108 Ali—

251 2135 335 2199 qui
358 2135 471 2183 &in
493 2135 692 2183 tenesmo
710 2171 723 2192 ‚
741 2138 790 2184 &
819 2134 1075 2200 sanguinem
1101 2133 1428 2181 exscreantibus
1443 2168 1457 2189 ‚
1478 2135 1528 2184 in

252 2209 397 2257 vino:
420 2209 580 2256 duritia
598 2226 782 2274 quoque
801 2210 1165 2273 praecordiorum.
1179 2208 1373 2255 IHinitur
1389 2225 1528 2254 mam·

254 2282 369 2341 Pois,
398 2283 723 2346 exstinguitque
750 2283 868 2329 laffis
896 2295 1187 2346 proventum.
1219 2281 1412 2328 Auribus
1437 2281 1529 2328 uti·-

253 2355 464 2404 liffimum
484 2358 721 2405 infantium
741 2394 754 2417 ,
783 2358 1004 2421 praecipue
1027 2374 1130 2403 cum
1150 2355 1277 2418 adipe
1308 2355 1528 2403 anserino.

256 2431 418 2479 Semen
458 2433 611 2480 tritum
650 2434 700 2483 ὅ(
737 2432 937 2480 haustum
971 2432 1148 2480 naribus
1184 2429 1528 2479 sternutamenta
