1653 2797
229 133 320 180 394
483 113 1271 161 (3.PL1NIISECUNDI

224 224 360 288 ipsius
387 220 527 269 tribus
551 220 747 283 partibus
779 236 881 266 cum
909 220 1075 267 duabus
1094 220 1303 268 aluminis
1319 221 1367 269 in
1392 232 1496 270 acei

226 308 275 343 to
295 294 387 343 acri
404 293 542 340 illitis.
572 291 865 355 Epicharmus
892 291 992 339 satis
1016 292 1099 339 effe
1125 309 1219 339 eam
1247 307 1405 341 contra
1424 312 1497 342 ca-

225 368 293 414 nis
321 365 483 413 rabiosi
511 363 710 411 morsum
732 364 921 427 imponi.
956 364 1118 410 MelIus
1144 363 1175 410 fi
1209 381 1311 411 cum
1336 365 1497 424 lasere,

225 443 277 488 &
300 450 430 487 aceto
452 437 556 486 acri.
599 437 762 484 Necari
789 454 974 501 quoque
1002 453 1131 485 canes
1164 454 1243 496 ea,
1281 436 1314 483 fi
1340 438 1498 496 detur,

225 531 281 561 ex
301 529 444 561 carne.
481 513 640 559 Semen
668 510 761 574 ejus
785 510 951 558 tostum
969 510 1200 558 auxiliatur
1227 525 1383 560 contra
1405 513 1498 560 ser·-

225 598 409 650 pentes‚
429 585 620 649 fungos,
639 584 757 631 tauri
778 583 1046 647 sanguinem.
1087 583 1212 630 Folia
1241 586 1366 633 co&a
1385 585 1498 649 sple-

226 659 340 706 nicis
365 659 412 706 in
439 657 545 705 cibo
571 657 671 703 data
687 692 700 714 ‚
727 658 777 703 δε
799 656 935 702 cruda
962 656 1073 702 illita
1093 672 1195 702 cum
1223 656 1426 721 sulphure
1445 660 1497 706 &

225 731 347 777 nitro
367 729 566 794 prosunt.
600 730 708 774 Item
733 745 1025 775 mammarum
1059 728 1243 777 duritiae.
1278 731 1497 778 Radicum

225 804 339 853 cinis
370 821 474 851 uvae
505 802 552 847 in
583 799 789 847 faucibus
816 800 1007 848 tumenti
1034 802 1153 874 tasi-‘u
1183 802 1413 849 medetur:
1445 804 1498 850 δε

224 878 450 943 parotidas
482 892 584 923 cum
619 874 751 921 melle
784 874 920 922 illitus
954 875 1184 939 reprimit:
1225 875 1498 940 serpentium

226 949 398 998 morfiis
426 948 559 995 sanat.
600 946 777 993 Virium
810 947 1008 995 brafficae-
1035 965 1172 995 unum
1206 950 1256 997 &
1286 966 1499 1012 magnum

222 1037 531 1086 argumentum
559 1019 796 1078 addemus,
826 1021 876 1067 &
903 1020 1116 1067 mirabile.
1153 1020 1323 1067 Crustae
1352 1021 1383 1066 fi
1412 1039 1498 1069 oc-

226 1107 391 1158 cupent
413 1095 532 1141 intus
553 1092 655 1140 vasa
686 1093 866 1151 omnia,
902 1093 949 1138 in
969 1094 1134 1156 quibus
1166 1111 1292 1157 aquae
1317 1093 1498 1141 fervent

224 1170 271 1215 in
295 1181 465 1216 tantum
480 1204 494 1227 ‚
514 1179 562 1214 ut
588 1183 684 1213 non
703 1166 755 1213 fit
779 1183 851 1214 eas
875 1166 1094 1227 avellere,
1121 1167 1152 1213 fi
1172 1165 1356 1215 bfaffica
1374 1169 1423 1215 in
1442 1169 1498 1216 iis

225 1242 502 1305 decoquatur
513 1277 528 1297 ‚
550 1238 804 1286 abscedunt.

288 1314 530 1360 XXXVII.
551 1313 670 1357 Inter
689 1310 905 1358 silvestres
923 1312 1127 1360 brafficas
1154 1314 1204 1360 &
1221 1311 1394 1375 lapsana
1410 1313 1499 1372 est‚'

223 1384 389 1449 pedalis
422 1385 692 1442 altitudinis,
722 1384 896 1431 hirsutis
926 1385 1073 1443 foliis,
1102 1385 1207 1448 napi
1240 1386 1496 1445 simillimis,

225 1458 305 1503 nifi
332 1457 563 1504 candidior
578 1456 681 1503 esset
702 1455 827 1504 flore.
860 1458 1087 1522 Coquitur
1113 1458 1159 1504 in
1178 1457 1298 1506 cib0.
1327 1459 1497 1508 Alvum

225 1529 335 1577 lenit
362 1531 412 1576 δε
431 1530 593 1575 mollit.

311 1602 569 1648 XXXVIII.
605 1600 781 1647 Marina
816 1602 995 1647 braffica
1029 1602 1408 1648 vehementiffime
1439 1618 1497 1648 ex

226 1666 440 1713 omnibus
479 1666 633 1711 alvum
670 1665 771 1715 ciet.
818 1666 1046 1728 Coquitur
1077 1678 1262 1729 propter
1298 1666 1498 1719 acrimo-÷

226 1738 346 1785 niam
378 1753 481 1783 cum
506 1736 661 1799 pingui
689 1753 849 1794 carne,
876 1737 1104 1784 stomacho
1124 1737 1430 1784 inimiciffima.

307 1810 526 1856 XXXIX.
562 1809 796 1856 Scillarum
829 1809 876 1855 in
911 1808 1132 1855 medicina
1165 1809 1265 1855 alba
1302 1809 1363 1856 est
1392 1827 1498 1873 quae

227 1883 443 1932 masculus
461 1918 476 1941 ,
505 1881 667 1928 femina
691 1883 831 1946 nigra.
863 1884 980 1943 Quae
1007 1882 1306 1930 candidiffima
1340 1882 1497 1942 fuerit,

229 1956 451 2004 utilissima
475 1955 572 2001 erit.
605 1955 722 2001 Huic
747 1955 880 2001 aridis
899 1955 1062 2002 tunicis
1081 1954 1260 2017 direptis
1279 1955 1404 2018 quod
1421 1972 1497 2002 re-

227 2028 401 2092 liquum
432 2044 456 2074 e
489 2027 607 2075 vivo
641 2027 728 2086 est,
770 2027 1023 2074 confestum
1058 2027 1336 2090 suspenditur
1370 2027 1497 2086 lino,

229 2099 418 2148 modicis
453 2099 713 2146 intervallis,
749 2100 900 2146 Postea
933 2100 1051 2146 arida
1086 2099 1217 2146 frusta
1252 2099 1299 2146 in
1334 2100 1499 2147 cadum

230 2173 342 2220 aceti
372 2189 504 2236 quam
536 2171 759 2234 asperrimi
791 2172 1029 2235 pendentia
1060 2172 1412 2235 immerguntur,
1433 2172 1496 2220 ita

230 2264 286 2294 ne
303 2246 391 2292 ulla
409 2256 532 2308 parte
547 2262 626 2291 vas
645 2246 922 2309 contingant.
942 2247 1043 2291 Hoc
1057 2243 1106 2291 fit
1119 2255 1220 2291 ante
1241 2243 1496 2302 solstitium,

230 2320 385 2366 diebus
406 2333 583 2364 XLVIII.
619 2318 780 2381 Gypso
812 2319 970 2365 deinde
1002 2318 1167 2365 oblitus
1196 2317 1329 2364 cadus
1357 2316 1494 2380 poni-

231 2402 302 2440 tur
332 2390 409 2439 sub
444 2390 599 2455 tegulis
619 2426 634 2450 ‚
671 2391 808 2438 totius
844 2391 932 2439 diei
968 2390 1120 2439 Solem
1156 2388 1492 2454 accipientibus.
