1653 2797
355 153 642 202 NATUR.
678 150 973 201 H1STOR.
1009 153 1142 199 ΜΒ.
1180 152 1298 203 ΧΧ.
1397 169 1486 213 431

211 260 530 326 scolopendras
558 261 780 310 terrestres
811 275 860 308 ac
889 261 1107 319 marinas,
1131 262 1179 308 &
1198 259 1457 324 scorpiones
1475 293 1489 318 ⁹

209 335 407 396 decoctis
438 352 495 381 ex
522 334 636 382 vino
665 333 797 379 ramis
827 332 1052 398 foliisque.
1099 336 1238 398 Fugat
1266 335 1316 381 &
1347 333 1491 380 odore

210 424 406 466 omnes,
434 407 467 453 fi
494 417 660 452 uratur.
702 407 760 451 Et
796 418 956 452 contra
994 405 1272 452 marinorum
1313 422 1489 453 venena

209 480 435 544 praecipue
451 479 585 526 valet.
606 478 775 541 Capitis
792 477 1027 525 doloribus
1047 479 1280 526 decoctum
1298 478 1342 524 in
1361 492 1489 525 aceto

209 553 399 599 illinitur
430 551 710 615 temporibus
739 568 790 597 ac
824 549 966 596 fronti
999 568 1101 598 cum
1131 551 1330 598 rosaceo.
1379 554 1489 597 Item

208 625 510 689 phreneticis,
536 625 788 689 lethargicis
811 641 821 671 :
845 637 1004 671 contra
1023 626 1217 672 tormina
1232 662 1245 684 ‚
1268 627 1319 673 δε
1346 626 1485 672 urinae

209 700 492 748 difficultates
509 737 524 760 ‚
553 701 736 766 anginas
755 737 770 759 ,
801 700 1078 748 vomitiones
1097 738 1108 759 ‚
1133 701 1353 749 drachmis
1379 719 1488 765 qua—

208 785 315 820 tuor
347 775 492 822 datur.
531 777 599 821 Ex
624 791 738 837 aqua
766 773 935 821 bibitur
968 775 1018 821 &
1050 776 1103 821 ad
1133 775 1386 836 jocinerum
1414 776 1488 820 de-

208 846 377 895 sideria.
413 848 538 894 Folia
566 847 716 894 obolis
748 856 941 910 quatuor
971 847 1131 894 dantur
1158 849 1214 894 ad
1242 847 1404 894 lienem
1432 865 1487 894 ex

209 932 356 968 aceto,
385 921 456 966 Ad
484 935 690 967 cruentas
717 918 1042 968 exscreationes
1064 921 1220 968 teritur
1242 920 1289 966 in
1313 921 1488 985 cyathis·

210 994 387 1041 duobus
416 995 528 1041 aceti
555 996 604 1042 δέ
632 993 790 1040 mellis.

275 1069 399 1115 XCI.
432 1067 728 1133 Sisymbrium
758 1066 955 1114 silvestre
988 1082 1013 1111 a
1045 1065 1305 1129 quibusdam
1334 1069 1492 1132 thym-

210 1139 381 1187 braeum
409 1139 678 1202 appellatum
698 1175 712 1196 ‚
740 1137 886 1201 pedali
911 1153 1006 1183 non
1028 1138 1215 1200 amplius
1243 1135 1488 1187 altitudine.

210 1212 354 1272 Quod
367 1212 414 1258 in
431 1211 567 1275 riguis
586 1210 778 1257 nascitur
793 1246 807 1269 ,
829 1209 966 1255 simile
982 1209 1197 1257 nasturtio
1215 1211 1288 1258 est.
1305 1215 1487 1259 Utrum-

211 1301 300 1348 que
324 1284 482 1331 efficax
511 1282 720 1330 adversus
752 1281 950 1328 aculeata
977 1282 1206 1341 animalia,
1235 1296 1284 1330 ut
1302 1285 1489 1331 crabro-

209 1373 317 1414 nes,
344 1357 395 1404 δε
424 1356 593 1404 similia.
639 1356 781 1415 Quod
813 1355 860 1401 in
889 1355 1007 1401 sicco
1040 1368 1191 1401 ortum
1210 1392 1224 1414 ,
1247 1358 1485 1405 odoratum

208 1430 271 1476 est
288 1467 304 1488 ,
325 1431 376 1477 δε
398 1430 599 1477 inseritur
633 1428 818 1477 coronis
839 1464 852 1487 ,
879 1427 1129 1492 angustiore
1153 1429 1285 1477 folio.
1326 1432 1489 1478 Sedant

208 1518 400 1569 utraque
430 1505 586 1568 capitis
620 1505 842 1556 dolorem.
878 1506 987 1549 ltem
1016 1503 1281 1566 epiphoras,
1304 1518 1352 1551 ut
1382 1506 1486 1551 Phi-

209 1578 326 1625 linus
358 1579 506 1625 tradit.
542 1578 630 1624 Alii
656 1595 817 1639 panem
837 1577 1032 1622 addunt:
1060 1576 1134 1622 alii
1165 1594 1243 1639 per
1277 1577 1318 1623 se
1348 1579 1487 1625 deco-

208 1664 355 1714 quunt
372 1653 421 1697 in
443 1652 570 1697 vino.
605 1652 738 1696 Sanat
757 1652 807 1697 &
829 1650 1107 1714 epinyctidas
1124 1687 1137 1708 ‚
1159 1651 1355 1715 cutisque
1375 1652 1488 1700 vitia

207 1722 254 1768 in
294 1722 407 1769 facie
444 1723 682 1770 mulierum
719 1722 835 1768 intra
874 1736 1079 1784 quartum
1122 1723 1238 1770 diem
1280 1725 1487 1772 noctibus

207 1793 467 1855 impolitum
482 1832 498 1852 ‚
518 1793 759 1856 diebusque
779 1794 1033 1840 detractum.
1062 1795 1351 1842 Vomitiones
1370 1833 1383 1854 ‚
1405 1797 1487 1843 sm*

205 1868 353 1930 gultus
371 1903 385 1924 ‚
418 1868 615 1914 tormina
635 1904 649 1924 .,
679 1866 897 1913 stomachi
933 1865 1240 1913 dissolutiones
1270 1868 1452 1915 cohibet
1473 1904 1487 1927 ‚

206 1939 302 1989 five
341 1939 388 1984 in
433 1939 538 1985 cibo
578 1939 802 1996 sumtum,
833 1938 927 1984 five
973 1936 1108 1984 succo
1151 1952 1323 2001 potum.
1378 1942 1486 1988 Non

206 2013 428 2059 edendum
455 2013 677 2075 gravidis,
701 2011 779 2057 nifi
809 2024 993 2057 mortuo
1026 2025 1263 2074 conceptu.
1302 2015 1485 2078 Quippe

206 2086 338 2133 etiam
374 2086 630 2149 impositum
661 2086 795 2148 ejicit.
835 2088 999 2132 Movet
1026 2086 1202 2132 urinam
1238 2104 1341 2133 cum
1369 2089 1483 2136 vino

205 2172 367 2223 potum
394 2178 404 2205 :
439 2159 633 2205 silvestre
663 2160 712 2205 δέ
745 2157 955 2205 calculos.
994 2159 1125 2218 Quos
1152 2158 1339 2222 vigilare
1370 2177 1484 2224 opus

205 2233 259 2279 sit
274 2269 287 2288 ‚
308 2232 475 2279 excitat
502 2231 694 2278 infusum
715 2231 850 2294 capiti
870 2249 969 2277 cum
990 2245 1132 2277 aceto.

272 2308 412 2354 XCII.
449 2307 549 2354 Lini
581 2306 726 2353 semen
749 2323 850 2352 cum
875 2305 971 2352 aliis
994 2306 1178 2368 quidem
1207 2306 1253 2351 in
1282 2306 1361 2353 usu
1391 2308 1481 2354 est:

206 2381 257 2426 &
288 2396 368 2441 per
398 2378 438 2425 se
467 2379 702 2425 mulierum
737 2378 852 2425 cutis
893 2378 1004 2424 vitia
1040 2378 1243 2425 emendat
1277 2379 1323 2424 in
1355 2378 1481 2427 facie.

208 2452 464 2500 Oculorum
498 2452 638 2502 aciem
672 2451 805 2503 succo
842 2451 1043 2517 adjuvat.
1091 2455 1341 2519 Epiphoras
1378 2473 1483 2504 cum
