1653 2797
1338 110 1430 160 319

302 252 380 322 C.
433 253 775 322 PLINII
823 255 1308 326 SECUNDI

156 442 767 522 NATURALIS
824 444 1433 529 HISTORIAE

526 618 824 665 LIBER
897 618 1078 667 XIX.

152 790 185 835 1.
221 723 540 842 SIDERUM
565 803 752 851 quoque
772 783 1168 850 tempestatumque
1195 785 1336 843 ratio,
1353 785 1429 833 vel

153 861 369 926 imperitis
404 861 525 909 facili
555 874 687 924 atque
723 859 979 907 indubitato
1018 860 1158 906 modo
1188 859 1430 907 monstrata

154 935 239 981 est:
273 951 468 998 vereque
502 932 852 996 intelligentibus
884 948 980 977 non
1015 931 1160 978 minus
1190 931 1431 980 conferunt

154 1022 258 1052 rura
289 1004 664 1070 deprehendendo
693 1003 808 1050 caelo
827 1039 841 1061 ‚
871 1019 1006 1067 quam
1025 1002 1219 1051 sideralis
1248 1002 1431 1054 scientia

155 1095 265 1142 agro
295 1078 507 1126 colendo.
554 1077 814 1124 Proximam
845 1076 973 1122 multi
1007 1075 1247 1123 hortorum
1277 1094 1429 1124 curam

154 1151 327 1200 fecere:
362 1152 495 1199 nobis
529 1168 626 1197 non
656 1150 863 1214 protinus
897 1149 1081 1196 tranfire
1116 1150 1171 1196 ad
1205 1149 1284 1197 ista
1319 1165 1429 1198 tem·

153 1227 376 1290 pestivum
410 1227 605 1274 videtur.
647 1225 953 1288 Miramurque
982 1224 1198 1289 quosdam
1234 1225 1430 1279 scientiae

152 1302 320 1365 gratia,
360 1302 625 1350 eruditionis
661 1300 746 1348 suae
789 1301 978 1365 gloriam
1023 1318 1079 1348 ex
1121 1302 1188 1349 his
1230 1314 1430 1366 petentes

153 1387 246 1421 tam
277 1375 419 1423 multa
451 1374 706 1439 praeteriiffe
726 1411 739 1433 ‚
771 1374 891 1421 nulla
927 1373 1157 1421 mentione
1184 1375 1331 1423 habita
1360 1390 1431 1423 tot

154 1465 305 1495 rerum
342 1447 501 1512 sponte
543 1464 709 1495 curave
746 1446 1114 1511 provenientium
1135 1484 1150 1507 ‚
1188 1450 1430 1512 praesertim

154 1539 258 1569 cum
281 1522 500 1586 plerisque
523 1539 671 1569 earnm
692 1557 706 1580 ‚
733 1522 880 1585 pretio
913 1520 1081 1584 usuque
1109 1520 1217 1568 vitae
1235 1559 1250 1582 ,
1284 1523 1430 1585 major

151 1596 311 1655 etiam,
339 1613 474 1660 quam
500 1595 702 1659 frugibus
719 1632 732 1653 ‚
757 1594 1040 1659 perhibeatur
1057 1594 1308 1642 auetoritas.
1344 1599 1430 1643 At·-

150 1684 239 1732 que
276 1681 327 1714 ut
351 1684 377 1715 a
406 1666 613 1715 confessis
646 1668 876 1715 ordiamur
911 1667 1205 1726 utilitatibus,
1239 1686 1430 1733 quaeque

152 1756 251 1786 non
279 1739 423 1787 solum
452 1753 590 1788 terras
621 1757 778 1788 omnes
797 1778 811 1801 ,
843 1757 1006 1788 verum
1035 1742 1170 1788 etiam
1198 1743 1333 1790 maria
1362 1762 1429 1791 re-

151 1812 362 1875 plevere:
390 1812 570 1872 seritur,
588 1830 639 1861 ac
658 1814 745 1861 dici
773 1830 921 1878 neque
949 1815 1065 1860 inter
1089 1813 1261 1878 fruges,
1281 1832 1430 1881 neque

153 1883 271 1929 inter
303 1884 531 1930 hortensia
553 1884 724 1947 potest,
754 1885 910 1932 linum.
940 1885 1023 1931 Sed
1047 1885 1093 1931 in
1116 1902 1201 1950 qua
1230 1902 1324 1933 non
1351 1904 1429 1935 oc·

154 1969 307 2005 curret
334 1957 442 2004 vitae
460 1971 584 2021 parte
603 1994 616 2016 ‚
638 1959 823 2022 quodve
846 1958 1107 2005 miraculum
1136 1958 1297 2021 majus,
1323 1960 1428 2007 her-

155 2030 257 2077 bam
289 2031 374 2077 effe
400 2048 499 2093 quae
525 2031 765 2078 admoveat
796 2032 1047 2096 AEgyptum
1078 2031 1234 2079 Italiae:
1259 2033 1307 2080 in
1333 2046 1427 2081 tan·

155 2115 252 2149 tum
271 2139 285 2162 ‚
315 2115 365 2149 ut
389 2103 596 2150 Galerius
625 2121 648 2150 a
672 2103 787 2150 freto
810 2104 975 2151 Siciliae
994 2105 1308 2153 Alexandriam
1333 2107 1429 2171 sep-

155 2175 264 2221 tima
305 2175 374 2222 die
407 2176 695 2239 pervenerit,
730 2176 920 2224 Babilius
954 2176 1071 2225 sexta
1091 2214 1104 2236 ‚
1137 2179 1272 2226 ambo
1312 2197 1428 2244 prae-

156 2247 280 2295 feeli:
313 2249 456 2296 aestate
485 2266 599 2297 vero
632 2251 839 2312 proxima
868 2250 1073 2299 Valerius
1106 2253 1330 2300 Marianus
1369 2270 1427 2300 ex

156 2320 383 2367 Praetoriis
405 2321 724 2380 Senatoribus,
755 2338 780 2368 a
809 2321 1007 2370 Puteolis
1031 2338 1160 2370 nono
1196 2324 1264 2371 die
1299 2324 1427 2372 lenis-

156 2393 268 2446 simo
294 2393 401 2443 flatu
422 2394 440 2442 ἓ
487 2394 683 2442 Herbam
705 2395 812 2455 effe,
837 2412 938 2460 quae
965 2397 1114 2444 Gades
1141 2396 1195 2443 ad
1220 2398 1427 2444 Herculis
