1653 2797
220 158 310 219 256
494 156 840 204 (LPLINII
887 157 1259 213 SECUNDI

222 281 349 327 paene
372 264 426 310 ad
446 264 582 311 alium
612 277 886 328 proventum
905 301 919 324 ,
939 265 1190 329 famemque
1217 264 1367 312 sentiri
1391 283 1502 330 pro·-

224 338 394 384 hibent.
428 339 468 383 A
496 337 639 395 vino,
671 353 804 402 atque
831 338 960 385 meffe
976 375 989 396 ,
1013 338 1167 384 tertius
1187 338 1259 384 hic
1280 339 1500 402 Transpa-

223 412 346 457 danis
366 410 556 459 fructus..
581 410 766 458 Terram
787 428 884 457 non
904 411 1082 458 morose
1103 411 1252 474 eligit,
1274 426 1400 473 paene
1423 410 1499 458 ubi

220 483 334 529 nihil
364 483 484 530 aliud
512 484 592 530 seri
614 484 760 546 poffit.
798 484 1013 542 Nebulis,
1039 485 1089 531 &
1114 484 1284 546 pruinis
1300 518 1314 541 ,
1338 498 1388 529 ac
1417 483 1499 529 fri-

222 572 332 619 gore
353 556 475 602 ultro
491 557 696 615 aluntur,
715 556 1005 619 amplitudine
1027 556 1288 603 admirabili.
1309 556 1414 603 Vidi
1435 570 1501 602 XL

220 628 354 674 libras
385 628 656 674 excedentia.
688 630 735 673 In
765 627 872 674 cibis
898 627 1078 689 quidem
1106 627 1267 675 nostris
1299 628 1501 691 pluribus

219 701 367 747 modis
399 700 800 746 commendantur:
839 699 1086 760 durantque
1121 699 1176 744 ad
1201 700 1314 758 alia,
1344 700 1500 763 finapis

218 773 465 819 acrimonia
500 772 669 817 domita
689 806 703 828 ,
740 771 872 817 etiam
905 770 1138 817 coloribus
1167 770 1310 833 picta,
1338 787 1498 834 praeter

219 846 347 893 suum
361 883 375 903 ,
396 845 469 892 sex
493 844 587 891 aliis
602 880 616 898 .,
638 860 867 906 purpureo
894 859 1076 907 quoque
1095 861 1107 890 z
1139 860 1284 908 neque
1310 844 1430 891 aliud
1452 844 1499 891 in

223 918 336 965 cibis
370 916 482 978 tingi
511 915 651 962 decet.

286 993 464 1037 Genera
489 1006 651 1035 eorum
678 990 825 1036 Graeei
852 989 942 1036 duo
969 989 1112 1053 prima
1137 990 1307 1049 fecere,
1335 989 1499 1037 mascu-

222 1065 317 1110 lum
337 1099 350 1120 ,
381 1061 733 1125 femininumque
750 1098 764 1121 ,
790 1065 839 1111 &
856 1056 920 1110 ‘ea
949 1063 1118 1110 serendi
1153 1065 1294 1111 modo
1329 1080 1385 1110 ex
1416 1079 1499 1110 eo-

221 1138 324 1183 dem
360 1135 523 1182 semine
556 1153 565 1181 :
612 1135 814 1182 densiore
854 1136 973 1182 enim
1020 1136 1112 1183 satu
1153 1137 1463 1184 masculescere
1485 1171 1499 1193 ‚

221 1209 330 1254 item
347 1208 393 1253 in
411 1220 529 1252 terra
556 1206 740 1253 difficili.
775 1208 935 1253 Semen
957 1208 1260 1270 praestantius,
1276 1224 1370 1271 quo
1393 1207 1498 1254 sub-

218 1280 353 1326 tilius.
390 1278 566 1340 Species
596 1293 710 1323 vero
739 1276 943 1322 omnium
973 1288 1072 1323 tres.
1109 1280 1202 1324 Aut
1225 1277 1344 1323 enim
1365 1277 1411 1322 in
1431 1276 1498 1322 la-

218 1353 456 1399 titudinem
485 1349 613 1396 t'undi
627 1385 640 1406 ,
661 1362 736 1396 aut
756 1350 804 1395 in
828 1349 1150 1396 rotunditatem
1171 1349 1357 1413 globari.
1386 1351 1501 1397 Ter-

217 1426 327 1471 tiam
356 1424 548 1486 speciem
575 1421 819 1468 filvestrem
846 1422 1128 1485 appellavere
1144 1460 1157 1482 ,
1184 1423 1232 1469 in
1258 1422 1498 1493 longitudi-

217 1515 322 1544 nem
355 1497 499 1543 radice
538 1508 832 1557 procurrente
852 1531 866 1553 ,
896 1495 1083 1557 raphani
1114 1496 1421 1554 similitudine,
1448 1497 1498 1541 &

217 1571 334 1617 folio
371 1567 588 1633 anguloso
631 1568 903 1629 scabroque,
935 1568 1068 1615 succo
1099 1569 1224 1615 acri:
1268 1568 1344 1632 qui
1379 1569 1498 1614 circa

217 1644 395 1691 meffem
424 1653 637 1703 exceptus
658 1640 819 1686 oculos
846 1653 1026 1703 purget,
1046 1642 1362 1703 medeaturque
1391 1639 1496 1685 cali-

217 1716 312 1779 gini
326 1752 340 1773 ,
356 1714 556 1761 admixto
578 1713 685 1759 lacte
703 1711 951 1758 mulierum.
985 1713 1164 1775 Frigore
1182 1712 1384 1758 dulciora
1399 1709 1496 1757 fieri

217 1789 524 1835 existimantur
558 1789 607 1834 &
627 1786 887 1850 grandiora:
918 1798 1075 1848 tepore
1108 1786 1154 1831 in
1181 1785 1290 1830 folia
1313 1797 1494 1831 exeunt.

218 1861 367 1907 Palma
393 1861 439 1906 in
462 1860 660 1906 Nursino
687 1875 793 1922 agro
825 1859 1116 1906 nascentibus.
1153 1858 1349 1906 Taxatio
1370 1857 1416 1902 in
1438 1858 1495 1903 li-

200 1932 317 1978 ·bras
350 1931 529 1978 sestertii
559 1930 746 1995 singuli,
766 1934 816 1979 &
841 1932 889 1978 in
920 1931 1107 1995 penuria
1137 1930 1264 1994 bini..
1281 1931 1493 1977 Proxima

218 2008 266 2052 in
300 2007 468 2071 Algido
497 2009 626 2055 natis.

284 2081 491 2126 XXXV.
519 2081 637 2143 Napi
662 2097 775 2126 vero
800 2078 1094 2138 Amiternini,
1116 2094 1313 2143 quorum
1343 2078 1496 2125 eadem

219 2152 311 2199 fere
345 2167 532 2209 natura,
564 2154 755 2216 gaudent
791 2171 931 2218 aeque
963 2151 1148 2216 frigidis.
1195 2153 1411 2197 Seruntur
1446 2153 1495 2198 &

220 2241 322 2273 ante
344 2226 568 2272 Kalendas
602 2227 785 2273 Martias
799 2262 812 2284 ,
833 2228 881 2273 in
908 2226 1063 2290 jugero
1089 2225 1264 2271 sextarii
1285 2237 1489 2288 quatuor.

219 2297 544 2361 Diligentiores
574 2298 735 2360 quinto
763 2298 886 2344 sulco
915 2314 1079 2360 napum
1105 2297 1187 2342 seri
1217 2296 1394 2358 jubent,
1417 2311 1490 2342 ra-

222 2387 278 2432 pa
317 2382 508 2433 quarto,
545 2382 786 2434 utrumque
828 2371 1087 2418 stercorato.
1148 2371 1273 2434 Rapa
1317 2369 1490 2415 laetiora

221 2442 316 2490 fleri
332 2479 346 2503 ,
371 2444 403 2491 fi
428 2462 531 2493 cum
562 2445 687 2509 palea
719 2445 1001 2493 seminentur.
1038 2447 1188 2492 Serere
1214 2443 1380 2490 nudum
1399 2457 1490 2489 vo-
