1653 2797
218 213 503 261 NATUR.
542 207 851 257 HtSTOR.
887 207 1010 252 1213:
1051 207 1264 252 XVIII.
1311 205 1400 268 289

121 338 208 387 que
253 322 536 369 hebetentur.-
565 315 808 363 Senescunt
839 326 987 376 prata,
1023 311 1283 377 restituique
1322 314 1402 360 dem

123 396 230 442 bent
255 394 354 441 faba
371 390 506 438 in⁸his
530 388 647 445 sata,
671 386 748 433 vel
769 386 914 447 rapis,
939 386 1016 431 vel
1035 385 1180 432 milio.
1202 387 1317 433 Mox
1337 386 1405 432 in-

122 467 336 532 sequente
368 479 490 511 anno
528 460 760 507 frumento
781 494 794 515 ‚
826 456 1060 521 rurfitscjue
1092 459 1138 505 in
1167 473 1289 522 prata
1319 472 1406 506 ter-⁵

124 542 193 588 tio
225 536 431 600 relinqui.
471 535 690 591 Praeterea
725 531 904 594 quoties
937 529 1048 577 secta
1075 532 1157 577 fint
1179 568 1192 590 ‚
1222 533 1373 580 siciliri
1393 569 1408 592 ‚

124 614 217 660 hoc
248 610 340 668 est,
377 621 477 672 quae
506 605 742 653 foeniseces
783 603 1122 667 praeterierunt,
1152 604 1301 652 secari.
1334 606 1410 653 Est

122 684 243 731 enim
277 681 324 727 in
363 679 521 742 primis
551 677 735 737 inutile,
771 676 918 725 enasci
953 678 1110 724 herbas
1145 678 1409 727 sementatu—

122 772 207 802 ras.
237 753 388 800 Herba
412 751 584 814 optima
610 750 658 797 in
692 762 821 813 prato
847 749 1038 809 trifolii,
1074 752 1282 814 proxima
1310 768 1412 816 gra-

121 828 257 876 minis
279 863 293 886 ,
329 815 512 889 pestima
541 823 764 870 mimmuli
784 860 798 883 ,
830 823 1007 887 filiquas
1040 825 1172 871 etiam
1196 826 1311 872 diras
1341 825 1411 871 fe-

123 900 277 948 rentis.
308 897 455 945 Invisa
484 899 534 944 &
564 896 771 960 equisetis
792 895 882 955 est,
909 913 934 942 a
964 894 1250 944 fimilitudine
1280 899 1411 963 equi-

123 992 195 1021 nae
225 972 341 1019 setae.
371 970 561 1017 Secandi
590 982 795 1033 tempus,
833 986 936 1016 cum
960 969 1080 1033 spica
1116 971 1410 1018 deflorescere

126 1048 297 1111 coepit,
322 1058 456 1109 atque
482 1045 691 1091 roborari
712 1063 723 1091 :
763 1044 1024 1102 secandum,
1044 1058 1282 1110 antequam
1312 1047 1412 1093 ina-

124 1121 280 1168 rescat.
321 1120 441 1165 Cato
471 1117 647 1164 foenum
664 1153 678 1176 ‚
712 1117 886 1180 inquit,
909 1134 966 1163 ne
989 1117 1087 1164 sero
1120 1117 1259 1165 seces:
1285 1120 1413 1182 prius

125 1211 260 1259 quam
292 1192 440 1239 semen
471 1203 697 1237 maturum
728 1190 806 1250 fit,
831 1191 996 1238 secatO.
1033 1191 1235 1251 Quidam
1267 1192 1414 1254 pridie

125 1268 306 1330 rigant,
342 1263 420 1310 ubi
461 1263 560 1308 sunt
598 1262 736 1325 rigua.
789 1263 1011 1309 Noctibus
1056 1262 1240 1310 roscidis
1276 1264 1413 1312 secari

125 1339 298 1387 melius.
338 1336 562 1397 Quaedam
587 1348 731 1398 partes
752 1335 885 1381 Italiae
915 1335 1017 1398 post
1041 1336 1219 1382 meffem
1249 1336 1414 1386 secant.

197 1427 235 1476 ς.
269 1410 368 1458 Fuit
387 1410 475 1457 hoc
501 1424 684 1472 quoque
707 1407 894 1469 majoris
916 1409 1132 1472 impendii
1150 1411 1268 1471 apud
1284 1410 1412 1473 prio-

125 1503 210 1532 res.
234 1483 430 1531 Creticis
465 1493 636 1528 tantum
675 1480 1062 1544 tranfinarinisque
1100 1482 1277 1528 cotibus
1319 1499 1409 1528 no·-

125 1557 183 1604 tis
202 1593 215 1615 ‚
248 1572 330 1602 nec
360 1555 441 1601 nisi
472 1554 577 1600 oleo
604 1554 728 1601 falcis
760 1554 900 1600 aciem
928 1554 1239 1601 excitantibus.
1270 1556 1411 1618 Igitur

126 1645 274 1678 cornu
305 1643 491 1690 propter
518 1627 669 1673 oleum
698 1627 752 1673 ad
778 1643 876 1672 crus
907 1626 1044 1690 ligato
1078 1626 1269 1674 foenisex
1287 1628 1408 1676 ince-

124 1702 272 1748 debat.
309 1699 430 1746 Italia
463 1699 663 1762 aquarias
693 1711 818 1746 cotes
848 1698 995 1756 dedit,
1029 1699 1148 1745 limae
1187 1700 1290 1748 vice
1326 1701 1410 1748 im-

125 1785 331 1838 perantes
359 1772 496 1818 ferro.
526 1771 611 1818 Sed
639 1771 835 1835 aquariae
863 1773 1071 1834 protinus
1103 1772 1269 1820 virent.
1306 1775 1408 1821 Fal-

128 1849 250 1896 cium
285 1847 480 1910 ipsarum
506 1847 599 1894 duo
632 1863 826 1910 genera:
863 1846 1062 1894 Italicum
1104 1846 1289 1894 brevius
1309 1885 1324 1907 ,
1357 1867 1410 1898 ac

127 1921 207 1968 vel
233 1921 350 1966 inter
374 1936 536 1982 vepres
567 1936 754 1983 quoque
789 1918 1030 1965 tractabile.
1067 1919 1316 1967 Galliarum
1349 1921 1410 1968 la-

128 1993 322 2041 tifundia
357 1991 539 2054 majoris
573 1991 857 2054 compendii:
900 1990 1066 2055 quippe
1108 1992 1274 2039 medias
1321 2011 1412 2040 cae-

130 2066 244 2112 dunt
270 2065 427 2111 herbas
447 2100 460 2122 ‚
492 2063 810 2127 brevioresque
835 2076 1119 2127 praetereunt.
1158 2066 1290 2112 Italus
1317 2066 1410 2113 soe-

131 2139 257 2186 nisex
276 2141 434 2186 dextra
459 2157 546 2186 una
576 2157 709 2188 manu
731 2140 859 2187 secat.
896 2140 1061 2188 Justum
1085 2140 1145 2187 est
1170 2157 1258 2188 una
1294 2159 1410 2206 ope-

130 2230 179 2260 ra
207 2212 408 2277 jugerum
441 2212 488 2258 in
524 2212 596 2259 die
631 2213 852 2260 desecari:
890 2213 1149 2277 alligarique
1196 2216 1408 2278 manipu-

131 2287 203 2332 los
227 2285 348 2332 mille
376 2284 615 2343 ducentos,
651 2278 868 2349 quaterna
893 2286 1066 2349 pondo.
1102 2287 1274 2334 SeEtum
1307 2304 1410 2335 ver-

131 2358 166 2405 ti
206 2357 261 2404 ad
293 2357 443 2402 Solem
465 2391 480 2414 ,
517 2373 600 2403 nec
635 2357 716 2403 nifi
753 2358 919 2405 siccum
963 2359 1161 2405 construi
1199 2373 1412 2422 oportet:

133 2430 215 2478 nisi
239 2429 372 2475 fuerit
395 2428 483 2475 hoc
504 2428 790 2493 observatum
811 2431 1069 2495 diligenter,
1093 2431 1300 2478 exhalare
1319 2449 1411 2479 ma-

133 2504 284 2552 tutino
311 2502 518 2548 nebulam
546 2505 799 2567 quandam,
820 2506 1043 2570 metasque
1071 2522 1183 2552 mox
1199 2506 1302 2554 Sole
1332 2523 1413 2566 εὶς-ἶ

201 2580 245 2624 C.
269 2579 386 2623 Plin.
409 2580 506 2623 Vol.
535 2579 621 2624 III.
866 2579 894 2605 ⁴*
1119 2578 1163 2632 T
