<?xml version="1.0" encoding="UTF-8"?>
<!DOCTYPE html PUBLIC "-//W3C//DTD XHTML 1.0 Transitional//EN"
    "http://www.w3.org/TR/xhtml1/DTD/xhtml1-transitional.dtd">
<html xmlns="http://www.w3.org/1999/xhtml" xml:lang="en" lang="en">
 <head>
  <title>
</title>
<meta http-equiv="Content-Type" content="text/html;charset=utf-8" />
  <meta name='ocr-system' content='tesseract 3.04.00' />
  <meta name='ocr-capabilities' content='ocr_page ocr_carea ocr_par ocr_line ocrx_word'/>
</head>
<body>
  <div class='ocr_page' id='page_1' title='image "./caiipliniisecund03plinuoft_0051.png"; bbox 0 0 1653 2797; ppageno 0'>
   <div class='ocr_carea' id='block_1_1' title="bbox 287 141 1404 208">
    <p class='ocr_par' dir='ltr' id='par_1_1' title="bbox 287 141 1404 208">
     <span class='ocr_line' id='line_1_1' title="bbox 287 141 1404 208; baseline -0.006 -14"><span class='ocrx_word' id='word_1_1' title='bbox 287 143 567 194; x_wconf 76' lang='lat' dir='ltr'><strong>NATUR.</strong></span> <span class='ocrx_word' id='word_1_2' title='bbox 608 141 914 190; x_wconf 75' lang='lat' dir='ltr'>HisToR.</span> <span class='ocrx_word' id='word_1_3' title='bbox 948 142 1072 188; x_wconf 74' lang='lat' dir='ltr'>Lm.</span> <span class='ocrx_word' id='word_1_4' title='bbox 1117 141 1246 189; x_wconf 78' lang='lat' dir='ltr'>xv.</span> <span class='ocrx_word' id='word_1_5' title='bbox 1345 157 1404 208; x_wconf 78' lang='lat'>45</span> 
     </span>
    </p>
   </div>
   <div class='ocr_carea' id='block_1_2' title="bbox 126 249 1421 2436">
    <p class='ocr_par' dir='ltr' id='par_1_2' title="bbox 126 249 1413 668">
     <span class='ocr_line' id='line_1_2' title="bbox 126 249 1412 312; baseline -0.003 -9"><span class='ocrx_word' id='word_1_6' title='bbox 126 265 198 303; x_wconf 82' lang='lat' dir='ltr'>ter</span> <span class='ocrx_word' id='word_1_7' title='bbox 224 254 354 302; x_wconf 77' lang='lat' dir='ltr'>Istriae</span> <span class='ocrx_word' id='word_1_8' title='bbox 377 266 538 301; x_wconf 88' lang='lat' dir='ltr'>terram</span> <span class='ocrx_word' id='word_1_9' title='bbox 558 252 609 298; x_wconf 87' lang='lat'>&amp;</span> <span class='ocrx_word' id='word_1_10' title='bbox 634 249 810 297; x_wconf 81' lang='lat' dir='ltr'>Baeticae</span> <span class='ocrx_word' id='word_1_11' title='bbox 832 266 910 312; x_wconf 89' lang='lat' dir='ltr'>par</span> <span class='ocrx_word' id='word_1_12' title='bbox 942 249 1016 297; x_wconf 83' lang='lat' dir='ltr'>est.</span> <span class='ocrx_word' id='word_1_13' title='bbox 1047 250 1211 298; x_wconf 86' lang='lat' dir='ltr'>Vicina</span> <span class='ocrx_word' id='word_1_14' title='bbox 1229 251 1412 299; x_wconf 86' lang='lat' dir='ltr'>bonitas</span> 
     </span>
     <span class='ocr_line' id='line_1_3' title="bbox 130 321 1412 393; baseline -0.005 -16"><span class='ocrx_word' id='word_1_15' title='bbox 130 328 412 393; x_wconf 85' lang='lat' dir='ltr'>provinciis,</span> <span class='ocrx_word' id='word_1_16' title='bbox 438 335 630 387; x_wconf 82' lang='lat' dir='ltr'>excepto</span> <span class='ocrx_word' id='word_1_17' title='bbox 661 322 827 369; x_wconf 79' lang='lat' dir='ltr'>Africae</span> <span class='ocrx_word' id='word_1_18' title='bbox 859 321 1076 387; x_wconf 65' lang='lat' dir='ltr'>frugifero</span> <span class='ocrx_word' id='word_1_19' title='bbox 1109 323 1412 372; x_wconf 75' lang='lat' dir='ltr'>solo.·Cereri</span> 
     </span>
     <span class='ocr_line' id='line_1_4' title="bbox 129 398 1413 451; baseline -0.005 1"><span class='ocrx_word' id='word_1_20' title='bbox 129 416 279 451; x_wconf 87' lang='lat' dir='ltr'>totum</span> <span class='ocrx_word' id='word_1_21' title='bbox 312 403 357 449; x_wconf 91' lang='lat' dir='ltr'>id</span> <span class='ocrx_word' id='word_1_22' title='bbox 388 411 545 447; x_wconf 84' lang='lat' dir='ltr'>natura</span> <span class='ocrx_word' id='word_1_23' title='bbox 576 398 822 445; x_wconf 83' lang='lat' dir='ltr'>conceffit:</span> <span class='ocrx_word' id='word_1_24' title='bbox 858 398 1011 444; x_wconf 89' lang='lat' dir='ltr'>oleum</span> <span class='ocrx_word' id='word_1_25' title='bbox 1039 417 1090 446; x_wconf 89' lang='lat' dir='ltr'>ac</span> <span class='ocrx_word' id='word_1_26' title='bbox 1120 399 1280 446; x_wconf 86' lang='lat' dir='ltr'>vinum</span> <span class='ocrx_word' id='word_1_27' title='bbox 1314 415 1413 446; x_wconf 87' lang='lat' dir='ltr'>non</span> 
     </span>
     <span class='ocr_line' id='line_1_5' title="bbox 129 470 1412 535; baseline -0.003 -12"><span class='ocrx_word' id='word_1_28' title='bbox 129 476 298 525; x_wconf 82' lang='lat' dir='ltr'>invidit</span> <span class='ocrx_word' id='word_1_29' title='bbox 327 485 499 520; x_wconf 88' lang='lat' dir='ltr'>tantum</span> <span class='ocrx_word' id='word_1_30' title='bbox 524 488 534 517; x_wconf 87' lang='lat'>:</span> <span class='ocrx_word' id='word_1_31' title='bbox 566 470 751 535; x_wconf 77' lang='lat' dir='ltr'>fatisque</span> <span class='ocrx_word' id='word_1_32' title='bbox 788 471 945 535; x_wconf 82' lang='lat' dir='ltr'>gloriae</span> <span class='ocrx_word' id='word_1_33' title='bbox 978 472 1023 516; x_wconf 88' lang='lat' dir='ltr'>in</span> <span class='ocrx_word' id='word_1_34' title='bbox 1054 473 1262 520; x_wconf 74' lang='lat' dir='ltr'>messibus</span> <span class='ocrx_word' id='word_1_35' title='bbox 1290 472 1412 519; x_wconf 85' lang='lat' dir='ltr'>fecit.</span> 
     </span>
     <span class='ocr_line' id='line_1_6' title="bbox 129 545 1413 612; baseline -0.002 -17"><span class='ocrx_word' id='word_1_36' title='bbox 129 549 320 612; x_wconf 81' lang='lat' dir='ltr'>Reliqua</span> <span class='ocrx_word' id='word_1_37' title='bbox 356 547 520 594; x_wconf 89' lang='lat' dir='ltr'>erroris</span> <span class='ocrx_word' id='word_1_38' title='bbox 557 546 718 608; x_wconf 86' lang='lat' dir='ltr'>plena,</span> <span class='ocrx_word' id='word_1_39' title='bbox 749 562 883 608; x_wconf 83' lang='lat' dir='ltr'>quem</span> <span class='ocrx_word' id='word_1_40' title='bbox 916 546 964 591; x_wconf 90' lang='lat' dir='ltr'>in</span> <span class='ocrx_word' id='word_1_41' title='bbox 995 545 1118 591; x_wconf 87' lang='lat' dir='ltr'>nulla</span> <span class='ocrx_word' id='word_1_42' title='bbox 1151 559 1274 608; x_wconf 80' lang='lat' dir='ltr'>parte</span> <span class='ocrx_word' id='word_1_43' title='bbox 1302 546 1413 592; x_wconf 79' lang='lat' dir='ltr'>vitae</span> 
     </span>
     <span class='ocr_line' id='line_1_7' title="bbox 128 618 905 668; baseline -0.004 0"><span class='ocrx_word' id='word_1_44' title='bbox 128 621 484 668; x_wconf 70' lang='lat' dir='ltr'>numerosiorem</span> <span class='ocrx_word' id='word_1_45' title='bbox 514 619 597 666; x_wconf 81' lang='lat' dir='ltr'>effe</span> <span class='ocrx_word' id='word_1_46' title='bbox 630 618 905 665; x_wconf 84' lang='lat' dir='ltr'><strong>docebimus.</strong></span> 
     </span>
    </p>

    <p class='ocr_par' dir='ltr' id='par_1_3' title="bbox 126 691 1421 2436">
     <span class='ocr_line' id='line_1_8' title="bbox 195 691 1413 752; baseline -0.002 -10"><span class='ocrx_word' id='word_1_47' title='bbox 195 694 350 742; x_wconf 80' lang='lat' dir='ltr'>Olivae</span> <span class='ocrx_word' id='word_1_48' title='bbox 374 693 583 742; x_wconf 88' lang='lat' dir='ltr'>constant</span> <span class='ocrx_word' id='word_1_49' title='bbox 612 692 775 739; x_wconf 87' lang='lat' dir='ltr'>nucleo</span> <span class='ocrx_word' id='word_1_50' title='bbox 792 728 806 752; x_wconf 88' lang='lat'>,</span> <span class='ocrx_word' id='word_1_51' title='bbox 838 691 944 738; x_wconf 87' lang='lat' dir='ltr'>oleo</span> <span class='ocrx_word' id='word_1_52' title='bbox 962 728 975 750; x_wconf 87' lang='lat'>,</span> <span class='ocrx_word' id='word_1_53' title='bbox 1010 708 1169 751; x_wconf 87' lang='lat' dir='ltr'>carne,</span> <span class='ocrx_word' id='word_1_54' title='bbox 1199 710 1380 740; x_wconf 85' lang='lat' dir='ltr'>amurca</span> <span class='ocrx_word' id='word_1_55' title='bbox 1399 712 1413 740; x_wconf 76' lang='grc' dir='ltr'>ε</span> 
     </span>
     <span class='ocr_line' id='line_1_9' title="bbox 130 763 1413 828; baseline -0.001 -15"><span class='ocrx_word' id='word_1_56' title='bbox 130 766 270 814; x_wconf 90' lang='lat' dir='ltr'>sanies</span> <span class='ocrx_word' id='word_1_57' title='bbox 296 765 391 813; x_wconf 83' lang='lat' dir='ltr'>haec</span> <span class='ocrx_word' id='word_1_58' title='bbox 416 764 478 811; x_wconf 88' lang='lat' dir='ltr'>est</span> <span class='ocrx_word' id='word_1_59' title='bbox 509 763 602 827; x_wconf 80' lang='lat' dir='ltr'>ejus</span> <span class='ocrx_word' id='word_1_60' title='bbox 628 781 789 822; x_wconf 87' lang='lat' dir='ltr'>amara.</span> <span class='ocrx_word' id='word_1_61' title='bbox 828 764 896 811; x_wconf 89' lang='lat' dir='ltr'>Fit</span> <span class='ocrx_word' id='word_1_62' title='bbox 921 781 976 811; x_wconf 80' lang='lat' dir='ltr'>ex</span> <span class='ocrx_word' id='word_1_63' title='bbox 1000 765 1148 828; x_wconf 81' lang='lat' dir='ltr'>aquis,</span> <span class='ocrx_word' id='word_1_64' title='bbox 1187 765 1291 811; x_wconf 87' lang='lat' dir='ltr'>ideo</span> <span class='ocrx_word' id='word_1_65' title='bbox 1327 766 1413 812; x_wconf 59' lang='lat' dir='ltr'>sle-⁴</span> 
     </span>
     <span class='ocr_line' id='line_1_10' title="bbox 132 836 1414 901; baseline -0.001 -16"><span class='ocrx_word' id='word_1_66' title='bbox 132 838 342 885; x_wconf 87' lang='lat' dir='ltr'>citatibus</span> <span class='ocrx_word' id='word_1_67' title='bbox 376 837 594 884; x_wconf 90' lang='lat' dir='ltr'>minima:</span> <span class='ocrx_word' id='word_1_68' title='bbox 639 837 805 901; x_wconf 82' lang='lat' dir='ltr'>riguis,</span> <span class='ocrx_word' id='word_1_69' title='bbox 841 836 1038 899; x_wconf 87' lang='lat' dir='ltr'>copiosa.</span> <span class='ocrx_word' id='word_1_70' title='bbox 1087 838 1198 883; x_wconf 86' lang='lat' dir='ltr'>Suus</span> <span class='ocrx_word' id='word_1_71' title='bbox 1232 838 1414 900; x_wconf 80' lang='lat' dir='ltr'>quidem</span> 
     </span>
     <span class='ocr_line' id='line_1_11' title="bbox 129 909 1413 973; baseline -0.001 -14"><span class='ocrx_word' id='word_1_72' title='bbox 129 912 269 959; x_wconf 71' lang='lat' dir='ltr'>olivae</span> <span class='ocrx_word' id='word_1_73' title='bbox 301 909 455 958; x_wconf 88' lang='lat' dir='ltr'>succus</span> <span class='ocrx_word' id='word_1_74' title='bbox 483 910 635 957; x_wconf 91' lang='lat' dir='ltr'>oleum</span> <span class='ocrx_word' id='word_1_75' title='bbox 656 910 741 967; x_wconf 89' lang='lat' dir='ltr'>est,</span> <span class='ocrx_word' id='word_1_76' title='bbox 769 910 903 973; x_wconf 87' lang='lat' dir='ltr'>idque</span> <span class='ocrx_word' id='word_1_77' title='bbox 936 909 1162 972; x_wconf 76' lang='lat' dir='ltr'>praecipue</span> <span class='ocrx_word' id='word_1_78' title='bbox 1179 928 1234 957; x_wconf 77' lang='lat' dir='ltr'>ex</span> <span class='ocrx_word' id='word_1_79' title='bbox 1254 911 1413 958; x_wconf 79' lang='lat' dir='ltr'>imma-</span> 
     </span>
     <span class='ocr_line' id='line_1_12' title="bbox 126 983 1415 1048; baseline -0.001 -14"><span class='ocrx_word' id='word_1_80' title='bbox 126 987 243 1034; x_wconf 75' lang='lat' dir='ltr'>‘turis</span> <span class='ocrx_word' id='word_1_81' title='bbox 282 984 601 1048; x_wconf 83' lang='lat' dir='ltr'><strong>intelligimus,</strong></span> <span class='ocrx_word' id='word_1_82' title='bbox 636 984 748 1030; x_wconf 87' lang='lat' dir='ltr'>ficut</span> <span class='ocrx_word' id='word_1_83' title='bbox 783 983 836 1029; x_wconf 88' lang='lat' dir='ltr'>de</span> <span class='ocrx_word' id='word_1_84' title='bbox 876 983 1120 1046; x_wconf 78' lang='lat' dir='ltr'>omphacio</span> <span class='ocrx_word' id='word_1_85' title='bbox 1161 986 1415 1033; x_wconf 74' lang='lat' dir='ltr'>docuimus.</span> 
     </span>
     <span class='ocr_line' id='line_1_13' title="bbox 130 1051 1413 1122; baseline -0.002 -16"><span class='ocrx_word' id='word_1_86' title='bbox 130 1061 329 1122; x_wconf 79' lang='lat' dir='ltr'>Augetur</span> <span class='ocrx_word' id='word_1_87' title='bbox 356 1056 510 1103; x_wconf 90' lang='lat' dir='ltr'>oleum</span> <span class='ocrx_word' id='word_1_88' title='bbox 534 1051 596 1103; x_wconf 54' lang='lat' dir='ltr'>⁴ad</span> <span class='ocrx_word' id='word_1_89' title='bbox 628 1057 806 1103; x_wconf 60' lang='lat' dir='ltr'>Arcturi</span> <span class='ocrx_word' id='word_1_90' title='bbox 838 1066 1048 1102; x_wconf 76' lang='lat' dir='ltr'>exortum</span> <span class='ocrx_word' id='word_1_91' title='bbox 1077 1073 1114 1102; x_wconf 87' lang='lat' dir='ltr'>a.</span> <span class='ocrx_word' id='word_1_92' title='bbox 1142 1057 1182 1102; x_wconf 86' lang='lat' dir='ltr'>d.</span> <span class='ocrx_word' id='word_1_93' title='bbox 1203 1071 1295 1103; x_wconf 72' lang='lat' dir='ltr'>XVI</span> <span class='ocrx_word' id='word_1_94' title='bbox 1316 1059 1413 1104; x_wconf 72' lang='lat' dir='ltr'>Ka-</span> 
     </span>
     <span class='ocr_line' id='line_1_14' title="bbox 129 1126 1414 1191; baseline -0.001 -14"><span class='ocrx_word' id='word_1_95' title='bbox 129 1130 281 1177; x_wconf 89' lang='lat' dir='ltr'>lendas</span> <span class='ocrx_word' id='word_1_96' title='bbox 318 1129 568 1176; x_wconf 62' lang='lat' dir='ltr'>Octobris:</span> <span class='ocrx_word' id='word_1_97' title='bbox 603 1129 755 1191; x_wconf 90' lang='lat' dir='ltr'>postea</span> <span class='ocrx_word' id='word_1_98' title='bbox 788 1127 937 1173; x_wconf 86' lang='lat' dir='ltr'>nuclei</span> <span class='ocrx_word' id='word_1_99' title='bbox 964 1126 1217 1173; x_wconf 75' lang='lat' dir='ltr'>increscunt</span> <span class='ocrx_word' id='word_1_100' title='bbox 1252 1132 1301 1176; x_wconf 67' lang='grc' dir='ltr'>ὅτ,</span> <span class='ocrx_word' id='word_1_101' title='bbox 1339 1147 1414 1176; x_wconf 87' lang='lat' dir='ltr'>ca-</span> 
     </span>
     <span class='ocr_line' id='line_1_15' title="bbox 131 1201 1415 1264; baseline -0.002 -13"><span class='ocrx_word' id='word_1_102' title='bbox 131 1220 202 1252; x_wconf 76' lang='lat' dir='ltr'>ro.</span> <span class='ocrx_word' id='word_1_103' title='bbox 236 1205 354 1250; x_wconf 89' lang='lat' dir='ltr'>Cum</span> <span class='ocrx_word' id='word_1_104' title='bbox 377 1201 541 1248; x_wconf 78' lang='lat' dir='ltr'>sitienti</span> <span class='ocrx_word' id='word_1_105' title='bbox 569 1202 731 1248; x_wconf 81' lang='lat' dir='ltr'>imbres</span> <span class='ocrx_word' id='word_1_106' title='bbox 761 1201 935 1264; x_wconf 76' lang='lat' dir='ltr'>copiosi</span> <span class='ocrx_word' id='word_1_107' title='bbox 963 1202 1176 1247; x_wconf 74' lang='lat' dir='ltr'>accessere</span> <span class='ocrx_word' id='word_1_108' title='bbox 1191 1238 1205 1260; x_wconf 86' lang='lat'>,</span> <span class='ocrx_word' id='word_1_109' title='bbox 1228 1202 1415 1249; x_wconf 76' lang='lat' dir='ltr'>vitiatur</span> 
     </span>
     <span class='ocr_line' id='line_1_16' title="bbox 133 1272 1416 1338; baseline -0.002 -14"><span class='ocrx_word' id='word_1_110' title='bbox 133 1278 288 1324; x_wconf 88' lang='lat' dir='ltr'>oleum</span> <span class='ocrx_word' id='word_1_111' title='bbox 332 1276 379 1320; x_wconf 92' lang='lat' dir='ltr'>in</span> <span class='ocrx_word' id='word_1_112' title='bbox 421 1291 660 1320; x_wconf 87' lang='lat' dir='ltr'>amurcam.</span> <span class='ocrx_word' id='word_1_113' title='bbox 722 1272 866 1334; x_wconf 84' lang='lat' dir='ltr'>Hujus</span> <span class='ocrx_word' id='word_1_114' title='bbox 902 1273 1034 1318; x_wconf 89' lang='lat' dir='ltr'>color</span> <span class='ocrx_word' id='word_1_115' title='bbox 1080 1274 1253 1321; x_wconf 80' lang='lat' dir='ltr'>olivam</span> <span class='ocrx_word' id='word_1_116' title='bbox 1292 1275 1416 1338; x_wconf 83' lang='lat' dir='ltr'>cogit</span> 
     </span>
     <span class='ocr_line' id='line_1_17' title="bbox 133 1345 1416 1414; baseline -0.002 -18"><span class='ocrx_word' id='word_1_117' title='bbox 133 1348 381 1414; x_wconf 79' lang='lat' dir='ltr'>nigrescere</span> <span class='ocrx_word' id='word_1_118' title='bbox 404 1365 414 1393; x_wconf 91' lang='lat'>:</span> <span class='ocrx_word' id='word_1_119' title='bbox 445 1346 638 1409; x_wconf 83' lang='lat' dir='ltr'>ideoque</span> <span class='ocrx_word' id='word_1_120' title='bbox 665 1345 910 1408; x_wconf 82' lang='lat' dir='ltr'>incipiente</span> <span class='ocrx_word' id='word_1_121' title='bbox 945 1345 1150 1409; x_wconf 79' lang='lat' dir='ltr'>nigritia,</span> <span class='ocrx_word' id='word_1_122' title='bbox 1179 1347 1416 1394; x_wconf 84' lang='lat' dir='ltr'>minimum</span> 
     </span>
     <span class='ocr_line' id='line_1_18' title="bbox 133 1419 1415 1470; baseline -0.002 0"><span class='ocrx_word' id='word_1_123' title='bbox 133 1437 350 1470; x_wconf 78' lang='lat' dir='ltr'>amurcae:</span> <span class='ocrx_word' id='word_1_124' title='bbox 384 1432 487 1468; x_wconf 85' lang='lat' dir='ltr'>ante</span> <span class='ocrx_word' id='word_1_125' title='bbox 519 1433 616 1467; x_wconf 87' lang='lat' dir='ltr'>eam</span> <span class='ocrx_word' id='word_1_126' title='bbox 648 1419 773 1466; x_wconf 87' lang='lat' dir='ltr'>nihil.</span> <span class='ocrx_word' id='word_1_127' title='bbox 816 1422 873 1466; x_wconf 88' lang='lat' dir='ltr'>Et</span> <span class='ocrx_word' id='word_1_128' title='bbox 907 1436 1034 1465; x_wconf 83' lang='lat' dir='ltr'>error</span> <span class='ocrx_word' id='word_1_129' title='bbox 1062 1420 1299 1467; x_wconf 83' lang='lat' dir='ltr'>hominum</span> <span class='ocrx_word' id='word_1_130' title='bbox 1330 1421 1415 1468; x_wconf 77' lang='lat' dir='ltr'>fal-</span> 
     </span>
     <span class='ocr_line' id='line_1_19' title="bbox 133 1492 1418 1556; baseline -0.002 -13"><span class='ocrx_word' id='word_1_131' title='bbox 133 1496 202 1543; x_wconf 86' lang='lat' dir='ltr'>sus</span> <span class='ocrx_word' id='word_1_132' title='bbox 222 1532 236 1554; x_wconf 88' lang='lat'>,</span> <span class='ocrx_word' id='word_1_133' title='bbox 267 1493 614 1542; x_wconf 84' lang='lat' dir='ltr'>existimantium</span> <span class='ocrx_word' id='word_1_134' title='bbox 654 1492 919 1540; x_wconf 79' lang='lat' dir='ltr'>maturitatis</span> <span class='ocrx_word' id='word_1_135' title='bbox 954 1492 1132 1539; x_wconf 79' lang='lat' dir='ltr'>initium</span> <span class='ocrx_word' id='word_1_136' title='bbox 1151 1528 1164 1551; x_wconf 87' lang='lat'>,</span> <span class='ocrx_word' id='word_1_137' title='bbox 1194 1493 1317 1556; x_wconf 89' lang='lat' dir='ltr'>quod</span> <span class='ocrx_word' id='word_1_138' title='bbox 1355 1493 1418 1540; x_wconf 88' lang='lat' dir='ltr'>est</span> 
     </span>
     <span class='ocr_line' id='line_1_20' title="bbox 134 1566 1418 1632; baseline -0.002 -16"><span class='ocrx_word' id='word_1_139' title='bbox 134 1568 238 1617; x_wconf 85' lang='lat' dir='ltr'>vitii</span> <span class='ocrx_word' id='word_1_140' title='bbox 257 1567 533 1632; x_wconf 83' lang='lat' dir='ltr'>proximum.</span> <span class='ocrx_word' id='word_1_141' title='bbox 566 1567 772 1624; x_wconf 85' lang='lat' dir='ltr'>Deinde,</span> <span class='ocrx_word' id='word_1_142' title='bbox 793 1566 919 1629; x_wconf 79' lang='lat' dir='ltr'>quod</span> <span class='ocrx_word' id='word_1_143' title='bbox 937 1566 1089 1612; x_wconf 87' lang='lat' dir='ltr'>oleum</span> <span class='ocrx_word' id='word_1_144' title='bbox 1112 1566 1306 1613; x_wconf 86' lang='lat' dir='ltr'>crescere</span> <span class='ocrx_word' id='word_1_145' title='bbox 1327 1567 1418 1614; x_wconf 78' lang='lat' dir='ltr'>oli·</span> 
     </span>
     <span class='ocr_line' id='line_1_21' title="bbox 135 1638 1418 1697; baseline -0.003 -7"><span class='ocrx_word' id='word_1_146' title='bbox 135 1659 209 1690; x_wconf 81' lang='lat' dir='ltr'>vae</span> <span class='ocrx_word' id='word_1_147' title='bbox 238 1657 371 1688; x_wconf 86' lang='lat' dir='ltr'>carne</span> <span class='ocrx_word' id='word_1_148' title='bbox 407 1640 707 1697; x_wconf 80' lang='lat' dir='ltr'>arbitrantur,</span> <span class='ocrx_word' id='word_1_149' title='bbox 740 1656 843 1685; x_wconf 91' lang='lat' dir='ltr'>cum</span> <span class='ocrx_word' id='word_1_150' title='bbox 871 1638 1025 1685; x_wconf 86' lang='lat' dir='ltr'>succus</span> <span class='ocrx_word' id='word_1_151' title='bbox 1059 1639 1207 1686; x_wconf 87' lang='lat' dir='ltr'>omnis</span> <span class='ocrx_word' id='word_1_152' title='bbox 1233 1640 1279 1685; x_wconf 88' lang='lat' dir='ltr'>in</span> <span class='ocrx_word' id='word_1_153' title='bbox 1311 1656 1418 1686; x_wconf 74' lang='lat' dir='ltr'>cor-</span> 
     </span>
     <span class='ocr_line' id='line_1_22' title="bbox 135 1712 1419 1780; baseline -0.001 -18"><span class='ocrx_word' id='word_1_154' title='bbox 135 1733 216 1780; x_wconf 89' lang='lat' dir='ltr'>pus</span> <span class='ocrx_word' id='word_1_155' title='bbox 252 1715 406 1772; x_wconf 87' lang='lat' dir='ltr'>abeat,</span> <span class='ocrx_word' id='word_1_156' title='bbox 426 1715 686 1778; x_wconf 86' lang='lat' dir='ltr'>lignumque</span> <span class='ocrx_word' id='word_1_157' title='bbox 718 1713 837 1759; x_wconf 84' lang='lat' dir='ltr'>intus</span> <span class='ocrx_word' id='word_1_158' title='bbox 865 1712 1132 1777; x_wconf 78' lang='lat' dir='ltr'>grandescat.</span> <span class='ocrx_word' id='word_1_159' title='bbox 1171 1717 1290 1777; x_wconf 88' lang='lat' dir='ltr'>Ergo</span> <span class='ocrx_word' id='word_1_160' title='bbox 1323 1727 1419 1761; x_wconf 86' lang='lat' dir='ltr'>tum</span> 
     </span>
     <span class='ocr_line' id='line_1_23' title="bbox 137 1786 1418 1851; baseline -0.001 -16"><span class='ocrx_word' id='word_1_161' title='bbox 137 1789 330 1836; x_wconf 85' lang='lat' dir='ltr'>maxime</span> <span class='ocrx_word' id='word_1_162' title='bbox 361 1788 574 1851; x_wconf 82' lang='lat' dir='ltr'>rigantur.</span> <span class='ocrx_word' id='word_1_163' title='bbox 616 1786 759 1846; x_wconf 77' lang='lat' dir='ltr'>Quod</span> <span class='ocrx_word' id='word_1_164' title='bbox 796 1786 873 1831; x_wconf 84' lang='lat' dir='ltr'>ubi</span> <span class='ocrx_word' id='word_1_165' title='bbox 904 1802 1040 1844; x_wconf 87' lang='lat' dir='ltr'>cura,</span> <span class='ocrx_word' id='word_1_166' title='bbox 1085 1787 1296 1834; x_wconf 75' lang='lat' dir='ltr'>multisve</span> <span class='ocrx_word' id='word_1_167' title='bbox 1331 1788 1418 1834; x_wconf 72' lang='lat' dir='ltr'>im-</span> 
     </span>
     <span class='ocr_line' id='line_1_24' title="bbox 139 1859 1421 1920; baseline -0.001 -10"><span class='ocrx_word' id='word_1_168' title='bbox 139 1864 291 1910; x_wconf 86' lang='lat' dir='ltr'>bribus</span> <span class='ocrx_word' id='word_1_169' title='bbox 329 1861 523 1920; x_wconf 87' lang='lat' dir='ltr'>accidit,</span> <span class='ocrx_word' id='word_1_170' title='bbox 559 1860 711 1907; x_wconf 88' lang='lat' dir='ltr'>oleum</span> <span class='ocrx_word' id='word_1_171' title='bbox 749 1859 1023 1919; x_wconf 80' lang='lat' dir='ltr'>absumitur,</span> <span class='ocrx_word' id='word_1_172' title='bbox 1058 1860 1138 1906; x_wconf 82' lang='lat' dir='ltr'>nifi</span> <span class='ocrx_word' id='word_1_173' title='bbox 1180 1861 1421 1910; x_wconf 86' lang='lat' dir='ltr'>consecuta</span> 
     </span>
     <span class='ocr_line' id='line_1_25' title="bbox 141 1934 1420 2000; baseline -0.002 -16"><span class='ocrx_word' id='word_1_174' title='bbox 141 1937 399 1995; x_wconf 86' lang='lat' dir='ltr'>serenitate,</span> <span class='ocrx_word' id='word_1_175' title='bbox 430 1952 531 2000; x_wconf 84' lang='lat' dir='ltr'>quae</span> <span class='ocrx_word' id='word_1_176' title='bbox 559 1951 724 1998; x_wconf 88' lang='lat' dir='ltr'>corpus</span> <span class='ocrx_word' id='word_1_177' title='bbox 756 1946 979 1980; x_wconf 79' lang='lat' dir='ltr'>extenuet.</span> <span class='ocrx_word' id='word_1_178' title='bbox 1026 1935 1233 1981; x_wconf 84' lang='lat' dir='ltr'>Omnino</span> <span class='ocrx_word' id='word_1_179' title='bbox 1263 1934 1384 1982; x_wconf 86' lang='lat' dir='ltr'>enim</span> <span class='ocrx_word' id='word_1_180' title='bbox 1403 1971 1420 1994; x_wconf 82' lang='lat'>,</span> 
     </span>
     <span class='ocr_line' id='line_1_26' title="bbox 141 2007 1421 2074; baseline -0.003 -16"><span class='ocrx_word' id='word_1_181' title='bbox 141 2023 191 2058; x_wconf 91' lang='lat' dir='ltr'>ut</span> <span class='ocrx_word' id='word_1_182' title='bbox 214 2009 529 2074; x_wconf 87' lang='lat' dir='ltr'>Theophrasto</span> <span class='ocrx_word' id='word_1_183' title='bbox 554 2008 726 2072; x_wconf 85' lang='lat' dir='ltr'>placet,</span> <span class='ocrx_word' id='word_1_184' title='bbox 746 2007 808 2054; x_wconf 91' lang='lat' dir='ltr'>est</span> <span class='ocrx_word' id='word_1_185' title='bbox 834 2008 925 2054; x_wconf 89' lang='lat' dir='ltr'>olei</span> <span class='ocrx_word' id='word_1_186' title='bbox 949 2008 1071 2055; x_wconf 83' lang='lat' dir='ltr'>causa</span> <span class='ocrx_word' id='word_1_187' title='bbox 1102 2008 1252 2055; x_wconf 87' lang='lat' dir='ltr'>calor:</span> <span class='ocrx_word' id='word_1_188' title='bbox 1282 2025 1421 2072; x_wconf 87' lang='lat' dir='ltr'>quare</span> 
     </span>
     <span class='ocr_line' id='line_1_27' title="bbox 142 2080 1421 2145; baseline -0.002 -14"><span class='ocrx_word' id='word_1_189' title='bbox 142 2086 195 2132; x_wconf 88' lang='lat'>&amp;</span> <span class='ocrx_word' id='word_1_190' title='bbox 211 2086 257 2130; x_wconf 91' lang='lat' dir='ltr'>in</span> <span class='ocrx_word' id='word_1_191' title='bbox 273 2083 572 2130; x_wconf 80' lang='lat' dir='ltr'>torcularibus</span> <span class='ocrx_word' id='word_1_192' title='bbox 586 2119 598 2141; x_wconf 88' lang='lat'>‚</span> <span class='ocrx_word' id='word_1_193' title='bbox 615 2081 768 2143; x_wconf 85' lang='lat' dir='ltr'>&amp;jam</span> <span class='ocrx_word' id='word_1_194' title='bbox 789 2081 836 2127; x_wconf 90' lang='lat' dir='ltr'>in</span> <span class='ocrx_word' id='word_1_195' title='bbox 857 2081 977 2128; x_wconf 89' lang='lat' dir='ltr'>cellis</span> <span class='ocrx_word' id='word_1_196' title='bbox 999 2080 1142 2127; x_wconf 85' lang='lat' dir='ltr'>multo</span> <span class='ocrx_word' id='word_1_197' title='bbox 1169 2082 1276 2145; x_wconf 85' lang='lat' dir='ltr'>igne</span> <span class='ocrx_word' id='word_1_198' title='bbox 1294 2099 1421 2145; x_wconf 71' lang='lat' dir='ltr'>quae=</span> 
     </span>
     <span class='ocr_line' id='line_1_28' title="bbox 143 2153 1421 2219; baseline -0.003 -16"><span class='ocrx_word' id='word_1_199' title='bbox 143 2159 268 2203; x_wconf 83' lang='lat' dir='ltr'>ritur.</span> <span class='ocrx_word' id='word_1_200' title='bbox 310 2156 466 2203; x_wconf 89' lang='lat' dir='ltr'>Tertia</span> <span class='ocrx_word' id='word_1_201' title='bbox 504 2155 565 2202; x_wconf 88' lang='lat' dir='ltr'>est</span> <span class='ocrx_word' id='word_1_202' title='bbox 606 2155 735 2218; x_wconf 88' lang='lat' dir='ltr'>culpa</span> <span class='ocrx_word' id='word_1_203' title='bbox 773 2153 820 2200; x_wconf 88' lang='lat' dir='ltr'>in</span> <span class='ocrx_word' id='word_1_204' title='bbox 857 2155 1168 2217; x_wconf 81' lang='lat' dir='ltr'>parcimonia,</span> <span class='ocrx_word' id='word_1_205' title='bbox 1204 2155 1421 2219; x_wconf 81' lang='lat' dir='ltr'>quoniam</span> 
     </span>
     <span class='ocr_line' id='line_1_29' title="bbox 143 2226 1420 2291; baseline -0.001 -18"><span class='ocrx_word' id='word_1_206' title='bbox 143 2238 329 2291; x_wconf 79' lang='lat' dir='ltr'>propter</span> <span class='ocrx_word' id='word_1_207' title='bbox 363 2226 635 2291; x_wconf 89' lang='lat' dir='ltr'>impendium</span> <span class='ocrx_word' id='word_1_208' title='bbox 663 2227 930 2289; x_wconf 88' lang='lat' dir='ltr'>decerpendi</span> <span class='ocrx_word' id='word_1_209' title='bbox 950 2226 1221 2289; x_wconf 62' lang='lat' dir='ltr'>exspectatur</span> <span class='ocrx_word' id='word_1_210' title='bbox 1238 2263 1251 2284; x_wconf 88' lang='lat'>,</span> <span class='ocrx_word' id='word_1_211' title='bbox 1272 2238 1320 2272; x_wconf 87' lang='lat' dir='ltr'>ut</span> <span class='ocrx_word' id='word_1_212' title='bbox 1341 2227 1420 2272; x_wconf 69' lang='lat' dir='ltr'>de-</span> 
     </span>
     <span class='ocr_line' id='line_1_30' title="bbox 144 2300 1420 2363; baseline -0.002 -14"><span class='ocrx_word' id='word_1_213' title='bbox 144 2303 264 2349; x_wconf 84' lang='lat' dir='ltr'>cidat</span> <span class='ocrx_word' id='word_1_214' title='bbox 293 2301 433 2348; x_wconf 87' lang='lat' dir='ltr'>oliva.</span> <span class='ocrx_word' id='word_1_215' title='bbox 475 2301 570 2362; x_wconf 82' lang='lat' dir='ltr'>Qui</span> <span class='ocrx_word' id='word_1_216' title='bbox 598 2301 795 2347; x_wconf 88' lang='lat' dir='ltr'>medium</span> <span class='ocrx_word' id='word_1_217' title='bbox 828 2312 1227 2363; x_wconf 85' lang='lat' dir='ltr'>temperamentum</span> <span class='ocrx_word' id='word_1_218' title='bbox 1257 2300 1302 2345; x_wconf 85' lang='lat' dir='ltr'>in</span> <span class='ocrx_word' id='word_1_219' title='bbox 1330 2300 1420 2347; x_wconf 86' lang='lat' dir='ltr'>hoc</span> 
     </span>
     <span class='ocr_line' id='line_1_31' title="bbox 143 2371 1419 2436; baseline -0.004 -14"><span class='ocrx_word' id='word_1_220' title='bbox 143 2376 352 2430; x_wconf 80' lang='lat' dir='ltr'>servant,</span> <span class='ocrx_word' id='word_1_221' title='bbox 373 2371 551 2436; x_wconf 85' lang='lat' dir='ltr'>perticis</span> <span class='ocrx_word' id='word_1_222' title='bbox 579 2374 834 2432; x_wconf 88' lang='lat' dir='ltr'>decutiunt,</span> <span class='ocrx_word' id='word_1_223' title='bbox 863 2390 965 2420; x_wconf 89' lang='lat' dir='ltr'>cum</span> <span class='ocrx_word' id='word_1_224' title='bbox 986 2371 1146 2434; x_wconf 83' lang='lat' dir='ltr'>injuria</span> <span class='ocrx_word' id='word_1_225' title='bbox 1178 2371 1419 2430; x_wconf 86' lang='lat' dir='ltr'>arborum,</span> 
     </span>
    </p>
   </div>
   <div class='ocr_carea' id='block_1_3' title="bbox 146 2446 1420 2515">
    <p class='ocr_par' dir='ltr' id='par_1_4' title="bbox 146 2446 1420 2515">
     <span class='ocr_line' id='line_1_32' title="bbox 146 2446 1420 2515; baseline -0.005 -17"><span class='ocrx_word' id='word_1_226' title='bbox 146 2450 449 2515; x_wconf 83' lang='lat' dir='ltr'>sequentisque</span> <span class='ocrx_word' id='word_1_227' title='bbox 477 2449 583 2497; x_wconf 80' lang='lat' dir='ltr'>anni</span> <span class='ocrx_word' id='word_1_228' title='bbox 608 2450 788 2496; x_wconf 89' lang='lat' dir='ltr'>damno.</span> <span class='ocrx_word' id='word_1_229' title='bbox 839 2449 1021 2512; x_wconf 82' lang='lat' dir='ltr'>Quippe</span> <span class='ocrx_word' id='word_1_230' title='bbox 1049 2446 1325 2494; x_wconf 81' lang='lat' dir='ltr'>olivantibus</span> <span class='ocrx_word' id='word_1_231' title='bbox 1348 2446 1420 2492; x_wconf 71' lang='lat' dir='ltr'>lex·</span> 
     </span>
    </p>
   </div>
  </div>
 </body>
</html>
