1653 2797
233 230 320 280 '162
501 225 867 274 C.PL1N11
917 210 1304 273 saeuum

225 355 352 387 'mum
382 334 471 395 est,
509 335 571 381 ob
602 334 648 382 id
677 346 887 382 exurunt.
925 336 1136 399 Utroque
1163 343 1315 380 tamen
1348 331 1514 397 pariter

225 427 326 458 *non
356 421 548 457 utuntur
586 408 631 454 in
646 409 812 455 eodem
831 426 944 456 arvo
958 445 971 467 ‚
992 426 1077 456 nec
1100 408 1147 454 in
1169 407 1353 454 arbustis
1381 408 1512 455 cine-

228 502 277 531 re
297 520 310 543 ,
348 500 433 530 nec
466 481 677 548 quasdam
702 482 757 529 ad
775 481 951 546 fruges,
973 494 1024 529 ut
1052 481 1260 528 diximus.
1293 482 1413 528 ‘Sunt
1433 481 1516 545 qui

222 558 417 621 pulvere
447 573 632 621 quoque
664 572 778 603 uvas
805 555 862 602 ali
882 553 1108 616 judicent,
1136 554 1516 620 pubescentesque

223 633 469 694 ‘pulverent
489 666 502 688 ‚
528 632 580 677 &
599 626 762 675 vitium
790 628 1095 691 arborumque
1117 628 1337 675 radicibus
1371 628 1515 693 asper-

224 714 348 767 gant.
382 702 525 762 Quod
548 711 719 747 certum
752 701 813 746 est
838 699 1123 746 Narbonenfi
1145 701 1399 762 provinciae
1420 737 1434 759 ,
1464 702 1517 748 δε

200 764 480 822 ‘vindemias
519 774 682 821 certius
709 773 770 819 sic
802 790 858 819 eo
896 772 1064 837 coqui,
1096 773 1202 837 quia
1231 774 1333 837 plus
1362 775 1516 838 pulvis

227 845 321 907 ibi,
351 865 486 910 quam
509 846 619 903 Sol,
648 844 843 892 confert.

315 920 391 967 VI.
428 918 541 966 Fimi
575 914 726 981 plures
758 915 1044 966 differentiae:
1086 918 1180 982 ipsa
1214 935 1281 966 res
1316 919 1517 986 antiqua.

227 992 319 1042 Jam
341 992 458 1055 apud
476 993 726 1038 Homerum
744 991 891 1055 regius
908 990 1041 1038 senex
1058 1009 1215 1055 agrum
1234 990 1294 1038 ita
1315 990 1401 1040 suis
1421 1009 1520 1040 ma-

226 1065 360 1113 nibus
378 1063 607 1110 laetificans
626 1063 860 1127 reperitur.
880 1064 1054 1127 Augeas
1075 1081 1155 1109 rex
1174 1062 1220 1109 in
1239 1065 1420 1112 Graecia
1437 1082 1519 1113 ex-

230 1137 442 1203 cogitasse
461 1137 678 1184 traditur:
715 1136 960 1200 divulgaffe
994 1154 1107 1183 vero
1127 1138 1340 1185 Hercules
1365 1139 1411 1185 in
1430 1142 1518 1186 Ita-

232 1212 317 1270 lia,
337 1229 438 1277 quae
456 1211 547 1275 regi
567 1211 646 1258 suo
661 1212 868 1259 Stercuto
889 1212 1028 1258 Fauni
1048 1210 1144 1259 filio
1167 1212 1229 1259 ob
1245 1212 1338 1260 hoc
1359 1213 1518 1261 inven-

229 1300 331 1333 tum
363 1286 745 1332 immortalitatem
763 1285 932 1332 tribuit.
962 1287 1023 1331 M.
1047 1287 1195 1332 Varro
1215 1285 1520 1348 principatum

234 1360 310 1406 dat
330 1357 566 1407 turdorum
585 1356 694 1405 fimo
717 1376 774 1405 ex
805 1357 1014 1404 aviariis:
1048 1358 1174 1421 quod
1192 1357 1326 1405 etiam
1346 1359 1519 1421 pabulo

234 1434 377 1481 boum
397 1433 612 1497 suumque
632 1431 909 1496 magnificat:
939 1450 1085 1496 neque
1101 1433 1190 1481 ali-o
1202 1433 1308 1481 cibo
1329 1433 1521 1481 celerius

235 1505 522 1570 pinguescere
542 1506 770 1552 affeverat.
790 1506 1048 1571 Demostris
1065 1507 1268 1554 moribus
1286 1506 1400 1554 bene
1415 1506 1519 1570 ‘spe-

235 1596 332 1627 rare
361 1577 452 1637 est,
481 1577 512 1625 fi
546 1590 668 1624 tanta
700 1578 817 1640 apud
846 1577 1036 1640 maiores
1073 1578 1197 1627 fuere
1231 1580 1402 1627 aviaria
1421 1616 1434 1638 ‚
1473 1592 1522 1626 ut

234 1671 293 1701 ex
328 1654 395 1700 his
435 1653 528 1717 agri
558 1651 924 1700 stercorarentur.
968 1653 1232 1698 Proximum
1264 1652 1521 1699 Columella

239 1726 558 1785 columbariiS,
594 1742 706 1772 mox
741 1723 978 1788 gallinariis
997 1724 1129 1783 facit,
1168 1723 1418 1771 natantium
1440 1724 1521 1770 ali-

232 1812 333 1848 tum
365 1802 591 1847 damnato.
628 1798 780 1847 Ceteri
818 1800 1023 1846 a116tores
1060 1797 1276 1846 consensu
1308 1799 1522 1845 humanas

238 1873 380 1935 dapes
410 1871 465 1918 ad
498 1871 590 1918 hoc
613 1871 818 1934 inprimis
849 1867 1096 1918 advocant.
1123 1871 1213 1917 Alii
1237 1886 1294 1916 ex
1316 1870 1383 1916 his
1409 1887 1525 1933 prae-

236 1943 390 1991 ferunt
428 1942 666 1989 hominum
702 1957 870 2006 potus,
911 1942 958 1988 in
994 1942 1292 1989 coriariorum
1323 1941 1522 1990 officinis

237 2015 336 2079 pilo
369 2013 630 2062 madefa&o.
667 2015 758 2062 Alii
792 2032 871 2079 per
908 2014 992 2062 sese
1012 2052 1025 2074 ‚
1057 2032 1170 2080 aqua
1203 2015 1394 2073 iterum,
1432 2015 1520 2061 lar-

242 2088 431 2153 giusque
448 2090 602 2147 etiam,
620 2107 754 2153 quam
780 2106 884 2137 cum
903 2089 1074 2136 bibitur
1091 2126 1105 2149 ‚
1133 2089 1344 2136 admixta.
1375 2089 1525 2152 Quipt·

238 2178 296 2225 pe
314 2160 411 2223 plus
439 2160 528 2223 jam
555 2162 618 2208 ibi
643 2161 750 2208 mali
780 2162 1056 2209 domandum
1081 2161 1143 2208 est
1158 2198 1171 2220 ‚
1190 2178 1295 2209 cum
1316 2162 1371 2208 ad
1392 2162 1522 2209 virus

238 2233 352 2280 illud
385 2232 486 2281 vini
516 2233 658 2280 homo
694 2234 932 2282 accesserit.
975 2235 1085 2281 Haec
1117 2233 1217 2281 sunt
1251 2234 1523 2293 certamina,

241 2306 404 2370 quibus
424 2306 625 2354 invicem
650 2308 704 2353 ad
724 2307 932 2354 tellurem
961 2321 1143 2370 quoque
1163 2307 1367 2354 alendam
1382 2317 1521 2354 utun-2

240 2390 314 2425 tur
331 2379 553 2426 homines.
576 2379 786 2425 Proxime
803 2378 1035 2442 spurcitias
1064 2378 1191 2425 suum
1209 2378 1401 2426 laudant.
1430 2379 1523 2426 Co·

239 2450 422 2498 lumella
449 2450 568 2498 solus
596 2451 787 2497 damnat.
819 2450 912 2496 Alii
941 2449 1246 2515 cujuscunque
1267 2450 1523 2515 quadrupe—

243 2522 310 2570 dis
329 2538 385 2570 ex
406 2522 582 2588 cytiso:
615 2522 753 2587 aliqui
785 2522 1066 2573 columbaria
1083 2521 1339 2589 praeferunt.
1367 2523 1525 2570 Proxi-
