1653 2797
314 135 1111 206 NATUR.H18·TOR.L113.
1153 137 1275 183 XV.
1411 137 1472 200 69

186 263 309 293 mum
339 238 476 293 simile
507 243 687 300 frutici,
713 254 930 307 terraeque
966 244 1176 308 gignitur„
1218 242 1371 291 Arbor
1400 244 1470 306 ip-

187 319 229 365 sa
269 316 494 373 fruticosa.
555 317 738 362 FruEtus
776 334 897 363 anno
944 317 1235 365 maturescit:
1280 318 1470 380 pariter-

184 408 273 455 que
299 390 432 436 floret
458 387 719 436 subnascens
738 425 752 447 ‚
772 391 822 436 &
848 389 974 452 prior
1000 390 1230 453 coquitur.
1273 391 1371 436 Mas
1393 389 1467 445 fit,
1532 408 1534 410 ·

187 482 244 510 an
267 462 431 509 femina
462 461 647 521 sterilis,
670 463 786 510 inter
813 464 1014 510 auctores
1043 482 1139 510 non
1167 464 1351 512 constat.
1380 465 1472 510 Po-

185 551 306 581 mum
349 533 656 593 inhonorum,
692 546 741 580 ut
787 536 861 581 cui
901 552 1068 582 nomen
1112 553 1172 601 ex*
1207 548 1472 600 argumento

185 607 238 653 fit
269 623 408 652 unum
440 618 615 653 tantum
641 606 815 653 edendi.
862 607 1061 654 Duobus
1091 618 1240 655 tamen
1266 609 1356 654 hoc
1384 625 1471 654 no-

186 680 383 728 minibus
415 681 642 744 appellant
682 681 834 728 Graeci
854 718 867 737 ‚
900 698 1120 728 comaron
1154 684 1205 730 &
1239 699 1472 746 memecy-

187 754 302 800 lon:
337 771 430 817 quo
468 766 652 818 apparet
690 754 880 800 totidem
916 755 1000 800 effe
1037 772 1212 820 genera.
1252 757 1318 817 ,Et
1358 755 1474 817 apud

190 844 274 874 nos
303 827 392 874 alio
423 828 608 874 nomine
635 828 818 874 arbutus
838 841 1046 876 vocatur.
1072 828 1179 875 Juba
1204 829 1359 874 auitor
1388 827 1471 881 est,

189 900 554 964 quinquagenum
587 900 846 947 cubitorum
870 899 1103 947 altitudine
1132 901 1178 946 in
1199 898 1363 946 Arabia
1389 897 1474 944 effe

187 988 274 1019 eas.

253 1045 433 1094 XXIX.
472 1044 724 1091 Acinorum
760 1061 944 1109 quoque
974 1062 1133 1109 magna
1163 1043 1225 1091 est
1263 1044 1474 1090 differen-

189 1120 265 1166 tia.
317 1120 516 1166 Primum
556 1119 674 1165 inter
716 1137 828 1166 uvas
867 1118 977 1182 ipsas
1016 1119 1130 1165 callo
1154 1155 1169 1177 ,
1206 1118 1474 1175 teneritate,

191 1190 502 1248 crassitudine,
531 1190 748 1237 interiore
780 1190 908 1254 ligno
927 1226 940 1247 ,
967 1190 1063 1237 aliis
1097 1206 1273 1253 parvo,
1301 1191 1349 1236 &
1379 1189 1476 1235 aliis

191 1265 325 1316 etiam
342 1251 523 1326 gemino
539 1298 552 1320 ‚
576 1263 655 1326 qui
679 1262 862 1329 minime
882 1262 1048 1308 feraces
1067 1261 1211 1308 musti.
1231 1262 1476 1307 Plurimum

192 1354 307 1385 vero
341 1335 550 1393 differunt
579 1335 723 1381 ederae
754 1333 1041 1397 sambucique
1073 1332 1221 1380 acini:
1259 1335 1309 1378 &
1339 1331 1478 1395 figura

192 1409 324 1455 etiam
356 1408 543 1464 Punici,
573 1405 774 1470 angulosi
797 1406 965 1469 quippe
992 1404 1088 1450 soli.
1122 1405 1219 1450 Nec
1246 1404 1360 1450 cutis
1387 1404 1478 1450 ulla

189 1481 398 1545 singulis,
422 1491 582 1544 praeter
605 1495 918 1536 communem,
941 1495 1042 1541 quae
1067 1476 1130 1524 est
1154 1476 1353 1523 candida.
1381 1477 1478 1523 To-

192 1553 334 1618 tisque
359 1553 518 1601 succus
538 1555 587 1601 &
608 1568 716 1600 caro
734 1551 820 1609 est,
841 1551 894 1598 iis
920 1551 1170 1614 praecipue,
1195 1550 1356 1614 quibus
1375 1568 1479 1614 par-

192 1626 354 1674 vulum
387 1625 498 1672 inest
532 1625 656 1688 ligni.

258 1702 424 1764 Magna
453 1702 504 1747 ὃς
528 1699 678 1746 baccis
711 1697 973 1745 differentia.
1017 1698 1129 1745 Aliae
1161 1715 1350 1762 namque
1381 1699 1481 1746 sunt

196 1774 334 1821 olivis
353 1810 368 1834 ,
400 1774 568 1820 lauris:
608 1775 659 1821 &
693 1773 783 1820 alio
825 1774 967 1820 modo
998 1773 1128 1833 loto,
1159 1774 1345 1820 cornis:
1389 1774 1480 1820 alio

197 1847 360 1911 myrtis
381 1884 396 1904 ‚
431 1845 638 1894 lentisco.
691 1846 927 1911 Aquifolio
970 1847 1091 1893 enim
1127 1864 1179 1894 ac
1218 1847 1353 1910 spinae
1390 1849 1481 1894 fine

198 1917 367 1965 succo:
405 1919 646 1983 medioque
687 1920 930 1966 etiamnum
978 1936 1136 1983 genere
1170 1919 1287 1967 inter
1324 1920 1482 1968 baccas

196 1991 438 2056 acinosque
472 1992 641 2039 ceratis.
688 1993 880 2039 Pomum
919 1993 987 2040 his
1021 1994 1169 2056 primo
1214 1994 1480 2052 candidum,

198 2068 248 2114 &
277 2065 368 2112 fere
387 2067 599 2113 omnibus
628 2066 791 2114 baccis.
828 2069 943 2115 Mox
973 2067 1068 2115 aliis
1089 2067 1297 2126 virescit,
1317 2080 1366 2114 ut
1392 2067 1481 2113 oli-

199 2139 300 2195 vis,
335 2137 468 2186 lauris
497 2157 508 2185 :
558 2139 688 2185 rubet
723 2156 837 2186 vero
879 2141 1019 2188 moris
1041 2177 1054 2200 ‚
1093 2141 1246 2188 cerasis
1266 2176 1281 2200 ‚
1318 2140 1483 2188 cornis.

199 2212 379 2259 Deinde
414 2211 619 2276 nigrescit
652 2213 790 2260 moris
809 2250 823 2272 ‚
851 2215 1027 2273 cerasis,
1051 2215 1205 2262 olivis.
1306 2206 1308 2210 ,

262 2287 420 2332 XXX.
437 2287 585 2334 Cerasi
607 2301 707 2334 ante
727 2289 961 2336 vistoriam
982 2289 1329 2336 Mithridaticam
1345 2291 1393 2336 L.
1409 2291 1486 2336 Lu-

201 2357 307 2404 culli
328 2375 422 2403 non
446 2359 566 2407 fuere
586 2362 632 2407 in
656 2362 794 2408 Italia.
831 2356 901 2409 Ad
922 2363 1053 2411 Urbis
1074 2380 1241 2409 annum
1265 2377 1486 2410 DCLXXX

200 2433 238 2478 is
275 2431 469 2494 primum
508 2434 636 2482 vexit
675 2452 698 2481 e
737 2437 888 2485 Ponto
919 2455 930 2483 :
968 2434 1178 2499 annisque
1218 2448 1323 2483 cxx
1366 2448 1491 2484 trans

1138 2510 1172 2554 E
1211 2523 1238 2568 3
