1653 2797
275 152 333 217 58
541 152 1330 203 C.PL1N113ECUND1

268 261 309 306 ri
336 259 398 305 fas
425 259 515 317 est,
545 259 654 306 ficut
676 276 757 307 nec
791 259 934 322 spinas
969 261 1100 308 inseri
1118 298 1131 319 ,
1159 262 1341 326 quando
1375 262 1549 326 fulgura

267 333 439 395 expiari
474 347 572 377 non
603 345 774 394 queunt
810 332 969 380 facile:
1003 348 1205 398 quotque
1235 351 1399 398 genera
1423 334 1550 381 insita
1586 337 1591 343 ’

265 405 476 463 fuerunt,
505 416 576 451 tot
601 404 776 469 fulgura
800 423 895 453 uno
916 407 1006 453 ifiu
1034 408 1402 470 pronuntiantur.

330 477 629 524 Turbinatior
663 478 771 540 piris
801 477 957 542 figura.
990 481 1038 525 In
1076 479 1128 526 iis
1151 478 1343 526 serotina
1373 479 1427 525 ad
1451 477 1551 525 hie-

264 568 380 600 mem
410 551 547 614 usque
575 552 630 598 ad
665 564 849 598 matrem
882 552 1080 614 pendent
1113 552 1216 616 gelu
1246 551 1563 600 maturescen-'

261 627 325 673 tia
348 663 361 684 ,
394 629 553 673 Graeca
575 662 590 682 ‚
629 626 904 688 ampullacea
924 661 937 683 ‚
977 624 1151 672 laurea:
1195 626 1306 673 ficut
1345 627 1392 672 in
1423 626 1552 673 malis

263 699 508 756 Amerina,
549 699 807 745 Scaudiana
850 698 1127 744 Condantur
1173 715 1292 745 vero
1338 700 1465 762 pira,
1500 710 1551 745 ut

258 791 389 831 uvae‚
412 790 463 819 ac
484 772 674 818 totidem
692 771 838 817 modis
857 789 868 816 ε
901 788 1045 834 neque
1063 772 1183 817 aliud
1201 772 1247 818 in
1267 774 1411 833 cadis,
1432 791 1551 837 prae-

259 859 465 910 terquam
499 863 657 908 pruna.
696 844 847 890 Pomis
874 845 1149 907 proprietas,
1179 845 1373 909 pirisque
1392 881 1406 906 ,
1426 846 1552 894 vini:

260 920 553 982 similiterque
590 918 636 962 in
679 917 805 980 aegris
836 917 1065 963 medentes
1100 929 1266 964 cavent
1296 936 1306 964 :
1347 935 1399 965 ac
1433 918 1552 966 vino

262 994 312 1039 ὃ(
333 1009 446 1053 aqua
482 1002 769 1053 coquuntur,
796 1002 925 1051 atque
955 989 1242 1051 pulmentarii
1277 990 1428 1045 vicem
1462 990 1551 1050 im-

257 1065 405 1128 plent:
440 1065 565 1128 quod
594 1080 689 1109 non
725 1063 810 1109 alia
833 1075 995 1125 praeter
1023 1074 1246 1119 cotonea,
1266 1065 1318 1111 δε
1336 1063 1535 1110 struthia.

321 1140 482 1185 XVIII.
512 1155 547 1184 1.
568 1139 618 1184 In
641 1135 901 1182 universum
926 1151 1042 1181 vero
1067 1135 1121 1181 de
1144 1135 1292 1197 pomis
1316 1135 1550 1183 servandis

257 1212 523 1275 praecipitur
546 1230 556 1257 z
589 1209 793 1274 pomaria
820 1209 867 1254 in
895 1208 1004 1255 loco
1033 1207 1200 1272 frigido
1223 1226 1273 1255 ac
1292 1209 1412 1256 sicco
1438 1226 1550 1256 con-

257 1285 449 1332 tabulari
469 1304 479 1330 :
502 1283 936 1347 septemtrionalibus
965 1280 1167 1327 fenestris
1189 1280 1347 1328 sereno
1377 1282 1448 1329 die
1468 1299 1552 1346 pa-

258 1373 350 1403 tere
373 1375 384 1402 :
412 1357 598 1404 Austros
631 1355 933 1419 specularibus
961 1371 1112 1402 arcere
1128 1391 1142 1413 ,
1166 1356 1408 1418 Aquilonis
1433 1372 1549 1419 quo-

258 1448 347 1495 que
386 1432 533 1478 afflatu
569 1447 705 1493 poma
746 1430 1011 1492 deturpante
1049 1429 1183 1493 rugis.
1230 1429 1398 1493 colligi
1436 1429 1551 1476 mala

257 1502 361 1567 post
394 1501 715 1566 aequinofflum
745 1501 1002 1548 autumnale
1018 1537 1032 1559 ,
1056 1518 1202 1565 neque
1234 1513 1336 1548 ante
1362 1515 1456 1547 XVI
1476 1503 1550 1548 Iu-

259 1593 363 1622 nam
382 1611 397 1634 ‚
430 1591 576 1638 neque
609 1586 709 1620 ante
740 1573 930 1636 primam
961 1574 1136 1620 horam.
1186 1574 1361 1621 Cadiva
1381 1573 1550 1637 separa-

259 1650 328 1698 ri:
374 1650 655 1707 stramentis,
692 1649 875 1707 storeis,
914 1648 1110 1712 paleisve
1153 1648 1382 1696 substerni.
1430 1649 1550 1695 Rara

262 1724 508 1786 componi,
529 1736 578 1769 ut
597 1723 761 1769 limites
788 1723 937 1786 pervii
963 1722 1166 1785 spiritum
1186 1723 1402 1785 aequalem
1426 1723 1546 1769 acci-

259 1797 399 1859 piant.
439 1795 651 1842 Amerina
673 1795 869 1841 maxime
893 1795 1051 1841 durare
1072 1831 1086 1852 ‚
1106 1794 1328 1841 melimela
1348 1795 1548 1841 minime..

348 1886 388 1915 2.
437 1868 663 1914 Cotoneis
704 1868 749 1913 in
793 1867 1011 1914 concluso
1057 1866 1372 1930 spiramentum
1405 1882 1548 1931 *omne

263 1942 563 1999 adimendum,
585 1948 660 1987 aut
680 1940 866 2004 incoqui
886 1940 1016 1986 melle
1034 1957 1106 1998 ea,
1125 1939 1390 2004 immergive
1407 1955 1549 2001 opor-

262 2029 369 2061 tere.
406 2015 575 2061 Punica
603 2032 715 2077 aqua
742 2014 913 2071 marina
938 2013 1144 2060 fervente
1169 2012 1368 2059 indurari
1395 2031 1405 2057 :
1436 2027 1548 2058 mox

263 2090 416 2136 triduo
445 2091 549 2135 Sole
578 2089 735 2135 siccata
755 2125 768 2146 ,
791 2088 851 2134 ita
887 2104 942 2134 ne
975 2088 1202 2134 noelurno
1229 2102 1333 2132 rore
1362 2084 1548 2131 contin-

264 2177 447 2225 gantur,
466 2161 667 2226 suspendi
687 2181 696 2208 t
720 2164 769 2208 ἃ
791 2179 891 2208 cum
913 2161 1046 2207 libeat
1066 2160 1155 2217 uti,
1176 2176 1289 2223 aqua
1307 2158 1427 2204 dulci
1447 2173 1546 2220 per-

266 2235 345 2281 lui.
393 2237 456 2281 M.
485 2239 633 2281 Vario
663 2237 713 2282 ὃς
751 2234 796 2279 in
837 2234 970 2280 doliis
1008 2250 1153 2279 arenae
1196 2231 1362 2278 servari
1394 2229 1542 2291 jubet:

267 2312 316 2354 δε
349 2308 581 2354 immatura
612 2307 746 2353 obrui
779 2318 895 2352 terra
932 2305 978 2350 in
1010 2305 1113 2350 ollis
1156 2304 1298 2350 fundo
1336 2302 1549 2355 effraim,

267 2382 338 2428 sed
360 2381 516 2445 spiritu
533 2379 739 2439 excluso,
759 2398 810 2428 ac
832 2379 1012 2426 surculo
1035 2379 1134 2441 pice
1160 2378 1275 2424 illito
1297 2397 1308 2425 :
1335 2377 1392 2424 fic
1412 2375 1545 2422 etiam

269 2455 464 2504 erescere
500 2455 790 2519 amplitudine
823 2454 1022 2517 majore,
1051 2472 1184 2517 quam
1213 2452 1378 2517 poffint
1398 2450 1446 2496 in
1473 2466 1547 2496 ar-
