1653 2797
246 190 335 238 230
499 171 1287 220 C.PL1N118ECUND1

244 279 446 329 terminis
481 280 570 326 hoc
610 279 798 342 amplius
835 279 1040 327 aestimari
1073 278 1227 342 jubet,
1261 297 1353 344 quo
1386 283 1517 345 pa&o

241 355 423 401 niteant.
465 354 514 398 In
545 351 666 398 bona
698 351 846 409 enim,
877 351 1051 414 inquit,
1084 352 1270 414 regione
1302 353 1414 400 bene
1445 355 1517 401 ni-

242 439 351 474 tent.
395 425 555 472 Atilius
580 424 773 488 Regulus
793 461 807 482 ‚
842 424 916 470 ille
936 423 1109 470 Punico
1137 424 1260 471 bello
1295 424 1360 472 bis
1387 427 1519 473 Con-

244 500 340 557 sul,
373 498 540 560 ajebat,
567 514 712 561 neque
740 497 1084 543 foecundiffimis
1110 496 1224 544 locis
1253 497 1519 545 insalubrem

245 589 399 637 agrum
423 571 664 635 parandum
680 605 692 628 ‚
722 586 865 633 neque
892 569 1053 615 effoetis
1073 568 1423 618 saluberrimum.
1441 573 1521 618 Sa·-

245 644 429 691 lubritas
454 642 547 690 loci
571 659 666 688 non
696 641 866 704 semper
895 640 1147 687 incolarum
1176 641 1332 689 colore
1357 642 1521 707 detegi-

247 730 343 776 tur,
371 716 587 780 quoniam
610 714 762 761 assueti
786 713 917 759 etiam
946 712 991 757 in
1012 712 1316 775 pestilentibus
1346 716 1520 763 durant.

246 791 464 836 Praeterea
496 787 597 833 sunt
623 787 823 849 quaedam
850 785 1047 847 partibus
1084 786 1188 832 anni
1213 785 1424 834 salubria:
1448 788 1520 834 ni-

247 861 311 907 hil
340 872 488 907 autem
517 857 700 904 salutare
730 857 817 915 est,
847 857 927 903 nifi
961 859 1086 921 quod
1119 869 1221 905 toto
1252 876 1373 905 anno
1404 859 1522 908 salu-

248 935 339 980 bre.
379 932 526 978 Malus
557 929 617 976 est
655 947 783 993 ager,
810 947 912 976 cum
948 947 1040 994 quo
1075 931 1285 978 dominus
1320 930 1523 981 luftatur.

251 1007 369 1052 Cato
401 1005 515 1050 inter
544 1003 685 1066 prima
706 1002 886 1065 speGar'i
912 1002 1062 1064 jubet,
1098 1016 1147 1051 ut
1169 1005 1311 1052 solum
1339 1004 1413 1052 sua
1429 1002 1523 1053 vir-

248 1089 343 1124 tute
368 1075 538 1133 valeat,
563 1091 650 1138 qua
679 1074 843 1121 dictum
865 1075 924 1120 est
944 1073 1191 1138 positione:
1214 1089 1262 1122 ut
1288 1078 1523 1139 operario-

250 1169 350 1198 rum
371 1149 504 1211 copia
524 1165 667 1211 prope
684 1148 761 1206 fit,
792 1147 1099 1210 oppidumque
1119 1148 1344 1194 validum:
1372 1160 1424 1195 ut
1442 1166 1524 1196 na-

250 1222 481 1286 vigiorum
517 1221 696 1267 evetius
722 1219 798 1266 vel
833 1219 1071 1265 itinerum:
1105 1234 1155 1265 ut
1180 1219 1292 1267 bene
1329 1219 1524 1268 aedifica-

249 1307 319 1342 tus
350 1296 399 1342 &
433 1294 604 1351 cultus,
635 1293 682 1339 in
714 1310 809 1373 quo
847 1292 939 1338 falli
969 1292 1205 1356 plerosque
1237 1295 1389 1341 video.
1415 1295 1524 1358 Seg-

250 1367 406 1413 nitiem
442 1365 561 1412 enim
598 1365 763 1428 prioris
799 1363 975 1410 domini
1011 1381 1094 1427 pro
1131 1376 1303 1412 emtore
1334 1365 1418 1412 effe
1451 1382 1524 1412 ar-

251 1439 482 1486 bitrantur.
517 1437 642 1483 Nihil
669 1436 729 1483 est
755 1436 1006 1482 damnosius
1028 1436 1199 1483 deserto
1223 1455 1344 1501 agro.
1375 1440 1526 1501 Itaque

250 1512 398 1566 Cato,
426 1510 500 1556 De
536 1508 663 1553 bono
689 1506 879 1552 domino
913 1507 1069 1553 melius
1101 1495 1220 1566 emi,
1247 1525 1330 1555 nec
1361 1520 1524 1555 temere

251 1580 629 1631 contemnendam
671 1579 855 1624 alienam
895 1578 1192 1640 disciplinam.
1228 1598 1448 1645 agroque,
1477 1593 1527 1628 ut

249 1655 453 1712 homini,
475 1652 681 1716 quamvis
712 1650 986 1715 quaestuosus
1012 1651 1087 1709 fit,
1109 1652 1141 1697 si
1160 1663 1306 1699 tamen
1337 1655 1387 1700 &
1406 1653 1524 1699 sum·—

250 1728 401 1777 tuosus
422 1764 437 1785 ‚
471 1744 567 1773 non
597 1725 784 1772 multum
811 1725 1037 1787 superesse.
1073 1725 1149 1772 Ille
1183 1726 1230 1772 in
1258 1743 1365 1790 agro
1400 1745 1523 1791 quae-

249 1802 556 1850 stuofiflimam
575 1799 743 1861 judicat
776 1799 945 1845 vitem:
980 1815 1075 1844 non
1105 1798 1289 1858 frustra,
1309 1800 1525 1862 quoniam

248 1887 350 1922 ante
385 1875 538 1921 omnia
571 1873 624 1919 de
662 1871 869 1934 impensae
907 1871 1083 1917 ratione
1126 1872 1262 1919 cavit.
1312 1868 1526 1920 Proxime

247 1948 411 1994 hortos
439 1947 617 2008 riguos:
645 1960 727 1990 nec
755 1942 799 1988 id
827 1941 936 1988 falso
954 1978 966 2000 ‚
991 1943 1023 1988 fi
1050 1942 1130 1989 sub
1160 1943 1331 2006 oppido
1350 1942 1447 1990 fint.
1467 1946 1526 1992 Et

170 2025 173 2027 ’
246 2033 373 2083 prata
411 2019 584 2083 antiqui
619 2030 769 2081 parata
801 2017 964 2063 dixere.
1003 2017 1211 2080 Idemque
1239 2018 1357 2064 Cato
1385 2017 1525 2064 inter-

247 2107 427 2157 rogatus
447 2129 459 2150 ‚
487 2093 589 2156 quis
614 2092 717 2138 effet
747 2090 1005 2137 certissimus
1034 2091 1248 2153 quaestus‚
1268 2089 1523 2152 respondit,

248 2169 294 2216 Si
327 2168 440 2214 bene
482 2165 641 2228 pascas.
693 2165 810 2224 Quis
847 2163 1110 2226 proximus?
1152 2163 1197 2209 Si
1237 2163 1525 2210 mediocriter

246 2239 410 2304 pascas.
441 2239 619 2284 Summa
652 2237 855 2282 omnium
885 2235 931 2281 in
956 2236 1046 2282 hoc
1076 2235 1311 2297 speffiando
1330 2234 1442 2293 fuit,
1470 2247 1523 2282 ut

247 2314 412 2361 ssu-&us
439 2313 474 2358 is
500 2310 691 2358 maxime
725 2309 1020 2372 probaretur,
1055 2308 1132 2371 qui
1167 2325 1300 2372 quam
1331 2308 1521 2354 minimo

245 2385 476 2447 impendio
509 2383 787 2430 constaturus
817 2381 932 2427 effet.
971 2382 1075 2426 Hoc
1105 2397 1160 2426 ex
1195 2381 1404 2427 locorum
1435 2395 1516 2426 oc·

247 2457 423 2510 cafione
445 2456 569 2506 aliter
588 2454 692 2503 alibi
723 2453 989 2501 decernitur.
1018 2453 1279 2516 Eodemque
1298 2449 1517 2517 pertinet,
