1653 2797
218 146 323 209 „452
489 139 1273 192 C.PL1NIISECUND1

222 256 280 302 ἃ
304 262 464 300 contra
493 249 674 313 suspiria
703 251 752 297 &
776 248 950 307 mistim,
971 267 1074 297 cum
1102 251 1294 314 origano
1321 253 1371 300 &
1399 246 1516 302 vino

224 326 361 373 dulci.
383 326 578 372 Pectoris
599 323 835 371 doloribus
854 324 1091 371 decoctum
1110 325 1156 371 in
1179 325 1289 372 lacte
1309 327 1514 390 caprino.

219 400 370 445 Panos
403 398 580 446 discutit
598 413 700 444 cum
721 397 822 459 pice
842 433 855 456 ‚
877 398 1159 461 extrahitque
1186 400 1375 462 corpori
1406 417 1516 448 acu·-

152 494 155 495 ’
217 473 331 520 leos.
361 471 629 518 Et-maculas
652 470 818 518 illitum
842 488 899 517 ex
930 483 1074 518 acetO.
1105 473 1282 520 Contra
1310 474 1516 522 carcino-

224 560 345 594 mata
368 545 575 607 adjicitur
599 562 803 591 ovorum
833 545 997 591 album.
1023 548 1080 592 Et
1106 546 1296 595 lienibus
1323 548 1514 595 illinitur

225 636 284 666 ex
311 632 454 668 aceto.
490 620 738 667 Infantibus
769 637 884 668 vero
923 637 946 666 e
972 619 1104 667 melle
1133 621 1369 670 utiliffime.
1416 624 1515 670 Sex·

224 693 313 740 tius
337 692 490 754 adjicit
508 730 520 749 ‚
546 693 689 739 ustum
728 692 950 754 serpentes
981 692 1135 756 fugare
1153 729 1168 752 ‚
1194 693 1516 759 scorpionibus

222 766 431 812 refistere.
493 766 666 828 Capitis
703 765 885 812 dolores
925 765 1130 812 contrito
1153 801 1168 825 ‚
1202 767 1516 830 &alopecias

220 839 449 886 emendari
483 838 634 885 addito
673 837 810 901 finapi
839 857 850 885 :
882 839 1149 901 gravitatem
1191 839 1364 887 aurium
1402 841 1516 889 trito

222 913 439 975 imposito
471 911 652 958 auribus
686 928 788 958 cum
820 908 924 958 fico.
966 911 1191 958 Dentium
1222 912 1407 961 dolores
1441 912 1536 962 in?

223 985 359 1032 fuio
350 1003 398 1032 m
426 1001 553 1032 aures
579 984 733 1032 succo.
769 984 1050 1048 Porriginem
1076 987 1126 1032 &
1151 985 1334 1033 hulcer‘a
1357 987 1518 1051 capitis

223 1076 330 1106 cum
361 1058 490 1122 adipe
525 1049 745 1104 antei-ino.
789 1057 1074 1108 Furunculos
1117 1060 1369 1133 concoquit
1409 1077 1514 1109 cum

224 1132 465 1179 fermento.
485 1132 574 1178 Car
578 1130 802 1177 bunculos
820 1129 875 1176 ad
896 1128 1269 1192 suppurationem
1287 1123 1515 1193 perducit,

220 1209 274 1256 δε
308 1206 490 1268 rumpit.
540 1205 837 1268 Phagedaenas
874 1203 1104 1250 hulcerum
1143 1215 1357 1267 expurgat
1405 1222 1513 1252 cum

216 1280 365 1327 melle.
382 1279 730 1360 Coxendicibus
751 1279 800 1326 ὃ(
822 1277 984 1377 lunibis
1007 1295 1109 1326 cum
1128 1278 1312 1358 polenta
1331 1295 1389 1326 ex
1410 1296 1511 1326 ace·-

304 1353 362 1361 ·«·

222 1426 390 1490 quippe
418 1437 575 1471 natura
610 1423 706 1485 ejus
743 1423 934 1470 caustica
963 1421 1037 1470 est.
1081 1423 1323 1486 Optimum
1357 1435 1509 1471 autern

223 1497 547 1561 Babylonium.
589 1496 790 1546 Silvestri
826 1512 940 1544 vero
974 1497 1030 1543 ad
1066 1496 1221 1544 omnia
1249 1513 1301 1544 ea
1331 1496 1515 1545 effeetus

222 1569 389 1630 maior.

289 1647 356 1691 LI.
392 1646 441 1690 In
469 1642 706 1706 praecipuis
729 1654 880 1689 autem
886 1641 1280 1713 medicaminibus
1309 1653 1407 1690 ruta
1434 1643 1510 1690 est.

223 1716 405 1764 Latiora
438 1715 591 1762 sativae
621 1714 763 1773 lolia,
791 1697 903 1761 rami
926 1713 1247 1761 fruticofiores.
1284 1714 1511 1761 Silvestris-

222 1791 408 1840 horrida
435 1791 491 1837 ad
517 1789 583 1836 eff
578 1791 721 1836 etium
751 1789 841 1847 est,
865 1791 914 1837 &
944 1788 1000 1834 ad
1027 1787 1181 1834 omnia
1205 1788 1365 1834 acrior.
1397 1789 1511 1834 Suc·-

226 1883 305 1912 cus
350 1863 619 1926 exprimitur
648 1898 661 1920 ‚
697 1869 790 1908 tuta
833 1863 883 1910 &
919 1860 1086 1924 aspersa
1127 1861 1342 1919 modice,
1374 1862 1423 1927 ὃς
1463 1860 1510 1906 in

225 1939 397 2004 pyxide
422 1937 596 2018 Cypiia
616 1935 991 1982 affervatur.H1c
1020 1934 1253 1997 copiofior
1275 1935 1401 1981 datus
1424 1950 1511 1982 ve*

223 2013 328 2060 neni
349 2028 410 2057 no
415 2011 534 2057 :riam
556 2010 762 2067 obtinet,
796 2008 843 2054 in
871 2007 1142 2055 Macedonia
1166 2007 1357 2055 maxime
1382 2007 1509 2070 juxta

222 2087 389 2132 flumen
412 2085 739 2132 Aliacmonem.
772 2083 1027 2146 Mirumque
1043 2118 1056 2140 ,
1078 2082 1237 2129 cicutae
1259 2082 1396 2130 succo
1425 2100 1509 2129 ex-

224 2158 493 2223 stinguitur:
524 2158 637 2203 adeo
679 2157 812 2203 etiam
845 2171 1130 2202 venenorum
1167 2172 1345 2202 venena
1374 2154 1473 2202 sunt
1492 2191 1508 2214 ‚

222 2233 406 2296 quando
429 2231 586 2278 cicutae
604 2230 758 2276 succus
775 2228 954 2292 prodest
974 2229 1174 2275 manibus
1194 2228 1505 2293 colligentium

224 2316 385 2350 1·.utam
413 2305 579 2351 Cetero
602 2303 717 2348 inter
737 2301 880 2364 prima
900 2300 1108 2347 milcetur
1128 2301 1343 2347 antidotis
1358 2337 1371 2360 ,
1392 2318 1508 2364 prae·

225 2377 444 2439 cipueque
477 2374 690 2422 Galatica.
727 2376 1028 2437 Quaecunque
1056 2385 1206 2421 autem
1229 2385 1328 2420 ruta
1349 2375 1399 2420 &
1428 2377 1506 2435 per

230 2456 270 2494 le
290 2464 374 2509 pro
393 2447 602 2493 antidoto
625 2445 780 2505 valet,
804 2445 925 2494 foliis
947 2445 1093 2507 tritis,
1113 2446 1163 2494 &
1182 2462 1237 2493 ex
1256 2444 1371 2495 vino
1390 2442 1505 2491 sum-
