1653 2797
217 181 306 229 108
486 177 835 229 'GPLINII
891 178 1261 229 SECUNDI

275 289 389 335 Sunt
414 287 512 335 aliae
540 287 756 334 naturales
787 287 1077 350 quibusdam,
1098 299 1349 351 praeterque
1376 288 1489 337 ver⁴

212 379 318 421 nas,
352 379 452 425 quae
491 360 575 408 suis
608 362 813 409 constant
855 361 1067 407 fideribus
1089 397 1103 418 ‚
1147 376 1341 424 quorum
1373 360 1490 406 ratio

211 436 358 499 aptius
387 435 595 483 reddetur
628 434 764 481 tertio
798 434 853 480 ab
887 433 978 480 hoc
999 432 1251 483 volumine.
1291 430 1491 479 Hiberna

210 508 388 572 Aquilae
419 519 609 567 exortu,
639 507 792 556 aestiva
813 506 949 552 Canis
980 519 1108 564 ortu,
1139 505 1268 552 tertia
1295 502 1492 551 Arcturi.

210 584 303 629 Has
341 583 447 629 duas
481 581 661 646 quidam
701 579 911 627 omnibus
956 578 1193 624 arboribus
1229 591 1494 624 communes

210 666 395 718 putant:
427 653 579 701 sentiri
608 664 752 700 autem
783 652 978 700 maxime
996 651 1044 697 in
1071 648 1187 708 fico,
1207 649 1330 706 vite,
1352 648 1493 699 Puni-

204 728 306 775 tis:
343 728 519 776 causam
551 727 782 774 afferentes
799 762 812 784 ‚
837 725 1056 789 quoniam
1086 726 1134 771 in
1155 724 1375 772 Theffalia
1393 726 1495 770 Ma-

212 799 490 862 cedoniaque
509 798 700 861 plurima
718 809 812 843 tum
833 796 944 844 ficus
966 808 1107 847 exeat.
1128 798 1326 844 Maxime
1344 809 1494 842 tamen

211 873 259 920 in
278 875 480 937 AEgypto
508 883 690 934 apparet
714 870 810 917 haec
841 871 972 918 ratio.
1010 872 1066 916 Et
1092 870 1278 934 reliquae
1315 869 1497 933 quidem

213 948 395 993 arbores
411 982 424 1003 ‚
456 956 508 991 ut
526 945 720 1007 primum
739 962 920 1008 coepere
937 981 951 1003 ‚
984 944 1252 992 continuant
1275 944 1499 1008 germina-

214 1021 419 1066 tionem:
457 1019 646 1078 Robur,
678 1021 728 1067 &
749 1019 894 1077 abies,
934 1021 984 1066 &
1015 1019 1156 1077 larix,
1188 1019 1498 1065 intermittunt

214 1093 468 1155 tripartito,
503 1110 554 1140 ac
586 1104 714 1140 terna
754 1093 950 1157 germina
989 1092 1158 1138 edunt:
1194 1091 1299 1138 ideo
1345 1092 1396 1138 &
1430 1102 1498 1137 ter

214 1166 413 1230 squamas
439 1167 662 1214 corticum
701 1166 936 1230 spargunt:
966 1165 1092 1229 quod
1121 1163 1330 1211 omnibus
1360 1164 1498 1210 arbo-

213 1240 336 1285 ribus
368 1238 415 1285 in
435 1238 762 1303 germinatione
791 1238 975 1296 evenit,
1005 1236 1222 1300 quoniam
1255 1254 1497 1300 praegnan-

213 1313 325 1358 tium
352 1313 575 1375 rumpitur
591 1325 764 1360 corteX.
795 1311 869 1359 Est
899 1323 1047 1358 autem
1071 1310 1216 1373 prima
1243 1327 1393 1357 earum
1425 1310 1498 1356 in-

217 1382 409 1444 cipiente
440 1400 572 1442 vere,
612 1383 791 1431 circiter
822 1397 897 1429 XV
932 1382 1103 1431 diebus.
1135 1383 1300 1427 Iterum
1333 1381 1498 1444 germi-

217 1469 327 1502 nant
356 1455 607 1502 transeunte
642 1456 864 1503 Geminos
897 1455 1016 1502 Sole.
1061 1455 1134 1502 Sic
1163 1453 1243 1513 fit,
1275 1466 1325 1500 ut
1355 1455 1501 1517 prima

216 1530 452 1576 cacumina
479 1529 651 1592 impelli
684 1529 842 1577 secutis
871 1541 1101 1592 appareat,
1139 1529 1396 1593 geniculato
1429 1529 1500 1574 in-

217 1616 464 1651 cremento,
499 1604 654 1652 Tertia
677 1603 738 1650 est
767 1604 1008 1650 earundem
1038 1604 1093 1652 ad
1123 1604 1362 1650 solstitium
1395 1603 1499 1649 bre-

217 1676 418 1734 vfflima,
449 1692 533 1722 nec
568 1675 733 1721 diutius
766 1673 955 1737 septenis
989 1674 1160 1722 diebus.
1199 1675 1418 1738 Clareque
1450 1678 1502 1724 δε

217 1762 326 1796 tunc
362 1747 557 1794 cernitur
590 1745 943 1793 excrescentium
977 1748 1260 1794 cacuminum
1290 1747 1502 1794 articula-

220 1820 303 1866 tio.
334 1819 452 1865 Vitis
487 1818 579 1865 sola
604 1818 670 1864 bis
706 1820 924 1881 parturit:
968 1837 1073 1866 cum
1107 1821 1302 1883 primum
1338 1820 1503 1868 emittit

221 1911 384 1942 uvam:
419 1894 581 1940 iterum
612 1911 714 1940 cum
746 1894 918 1957 digerit.
951 1897 1124 1941 Eorum
1155 1912 1255 1958 quae
1287 1910 1383 1940 non
1411 1893 1504 1940 flo—

223 1978 353 2022 rent,
373 1977 525 2029 partus
545 1978 718 2011 tantum
750 1965 811 2012 est
841 1967 890 2013 &
908 1965 1153 2012 maturitas.
1179 1966 1399 2025 Quaedam
1418 1964 1503 2011 sta-

222 2041 304 2087 tim
335 2040 381 2085 in
409 2038 734 2102 germinatione
770 2038 962 2096 florent,
983 2050 1317 2101 properantque
1345 2038 1391 2084 in
1420 2054 1504 2084 eo:

225 2113 300 2160 sed
324 2111 625 2159 maturescunt
648 2111 795 2169 tarde,
824 2123 873 2157 ut
903 2111 1032 2158 vites.
1057 2110 1269 2161 Serotino
1299 2110 1504 2174 quaedam

225 2186 474 2251 germinatu
508 2184 703 2241 florent,
741 2196 1054 2247 maturantque
1094 2183 1330 2241 celeriter,
1379 2181 1505 2229 sicuti

228 2275 407 2316 morus,
439 2275 538 2321 quae
571 2258 814 2307 novissima
847 2258 1118 2307 urbanarum
1146 2256 1396 2320 germinat,
1420 2270 1505 2301 nec

229 2333 312 2378 nisi
345 2332 503 2378 exacto
539 2331 730 2394 frigore:
753 2332 814 2377 ob
834 2331 880 2377 id
898 2331 1010 2377 dicta
1039 2328 1347 2392 sapientiflima
1367 2326 1506 2373 arbo·-

230 2424 344 2452 rum.
363 2406 448 2452 Sed
466 2422 565 2452 cum
587 2404 746 2467 coepit,
763 2403 808 2449 in
824 2416 996 2450 tantum
1012 2401 1220 2449 universa
1239 2398 1505 2465 germinatio

231 2478 454 2541 erumpit,
481 2490 531 2524 ut
556 2494 643 2524 una
663 2477 794 2527 noete
814 2488 1016 2539 peragat,
1037 2475 1170 2522 etiam
1188 2491 1288 2522 cum
1306 2471 1503 2535 strepitu.
