1653 2797
236 160 330 225 380
508 160 1283 212 C.PL1N115ECUND1

235 267 560 316 valescentibus
592 271 645 316 ad
671 270 830 317 vinum
863 271 1206 322 transeuntibus.
1241 273 1382 322 Sativi
1409 278 1504 339 pri-

235 341 378 389 vatim
407 340 559 389 succus
588 360 700 391 cum,
721 343 827 390 lacte
848 344 1035 407 caprino
1055 357 1190 408 potus
1211 343 1316 392 fistit
1339 346 1507 395 alvum.

301 415 463 460 XVIII.
493 417 550 461 Et
579 415 796 477 quoniam
822 416 1061 480 plerosque
1087 418 1330 466 similitudo
1356 420 1510 466 nomi-

234 503 343 534 num
373 489 642 534 Graecorum
673 487 936 547 confundit,
960 490 1242 537 conteximus
1269 492 1320 539 &
1347 492 1399 538 de
1417 492 1505 539 fili:

234 560 309 607 sed
334 560 424 609 hoc
453 563 515 609 est
544 563 736 627 vulgatae
754 563 943 610 notitiae.
976 565 1213 626 Optimum
1229 563 1508 613 Maffiliense:

233 635 477 685 lato‘enim
511 655 652 703 grano
685 641 736 686 &
768 639 899 685 fulvo
933 636 1007 685 est.
1042 639 1295 686 Secundum
1331 640 1509 694 AEthiof

235 709 386 772 picum
403 747 416 769 ,
443 711 624 775 nigrius.
659 711 890 758 Creticum
910 710 1265 759 odoratissimum
1286 713 1508 760 omnium.

235 783 384 829 Radix
416 783 599 845 jucundi
627 783 781 830 odoris
816 783 890 830 est.
922 785 1080 830 Semen
1114 784 1198 830 effe
1228 786 1278 832 ὅτ,
1308 784 1509 833 vultures

235 856 460 904 dicuntur.
488 857 671 904 Prodest
693 857 871 904 homini
895 857 950 904 ad
976 858 1122 904 tuffim
1151 869 1351 906 veterem
1366 894 1379 916 ,
1400 875 1510 922 rup-

236 942 278 976 ta
297 966 311 987 ‚
333 929 578 989 convulsa,
601 932 647 977 in
676 931 791 977 vino
825 931 930 977 albo
960 944 1134 994 potum.
1164 935 1275 979 Item
1302 932 1510 996 opistho-

234 1003 434 1061 tonicis,
475 1006 524 1052 ὃς
564 1003 816 1066 iocinerum
854 1005 1008 1064 vitiis,
1048 1007 1097 1052 &
1128 1005 1429 1064 torminibus,
1463 1009 1514 1054 &

235 1073 516 1140 stranguriae,
551 1077 736 1123 duarum
766 1088 842 1123 aut
869 1077 1005 1123 trium
1034 1077 1266 1141 ligulatum
1294 1077 1510 1125 mensura.

235 1148 348 1193 Sunt
375 1150 425 1196 ὃ(
446 1149 556 1197 folia
572 1151 697 1198 utilia
714 1188 727 1209 ‚
753 1163 802 1197 ut
833 1168 932 1215 quae
956 1161 1106 1213 partus
1135 1150 1352 1213 adjuvent
1377 1151 1512 1198 etiam

235 1223 593 1286 quadrupedum.
626 1226 729 1272 Hoc
761 1225 952 1272 maxime
981 1224 1099 1287 pasci
1126 1225 1338 1271 dicuntur
1364 1241 1513 1272 cervae

233 1297 457 1363 pariturae.
492 1298 729 1345 Issinuntur
767 1299 936 1362 &igni
971 1297 1110 1346 sacro,
1150 1296 1434 1362 Multumque
1465 1297 1513 1344 in

231 1369 406 1419 suran
448 1375 556 1421 cibo
590 1374 966 1421 concoctionibus
1000 1372 1211 1432 confert,
1252 1371 1329 1419 vel
1364 1371 1511 1429 folio,

234 1445 313 1491 vel
345 1445 522 1494 semine.
565 1448 918 1510 Quadrupedu'm
965 1463 1147 1510 quoque
1186 1445 1338 1493 alvum
1373 1444 1511 1502 fistit,

235 1515 329 1563 five
368 1519 523 1565 tritum
556 1521 687 1582 potui
721 1519 913 1565 infusum
933 1555 946 1577 ,
985 1519 1077 1565 five
1100 1518 1353 1565 mandendo
1384 1533 1513 1563 com-

234 1594 551 1641 manducatum
584 1609 608 1640 e
642 1591 740 1639 sale.
788 1594 935 1639 Boum
969 1591 1138 1638 morbis
1169 1591 1324 1637 tritum
1356 1589 1511 1636 infun-

236 1666 372 1714 ditur.

317 1741 440 1786 XIX.
472 1739 600 1786 Inula
636 1755 819 1803 quoque
852 1755 875 1784 a
906 1736 1066 1799 jejunis
1107 1737 1477 1784 commanducata
1496 1773 1509 1795 ‚

237 1811 389 1858 dentes
413 1811 678 1871 confirmat,
709 1812 741 1858 fi
771 1823 820 1858 ut
854 1823 977 1857 eruta
1008 1810 1069 1857 est
1080 1846 1093 1869 ‚
1124 1822 1286 1857 terram
1322 1826 1416 1855 non
1442 1822 1511 1856 at-

236 1885 399 1948 tingat:
434 1886 616 1933 condita
642 1885 788 1933 tuffim
818 1885 1035 1931 emendat.
1074 1884 1252 1930 Radicis
1283 1898 1397 1930 vero
1432 1883 1511 1930 de-

215 1959 378 2005 -ςοᾶεε
403 1958 558 2006 succus
586 1959 726 2006 tineas
763 1958 914 2021 pellit:
953 1957 1124 2004 ficcatae
1156 1967 1302 2002 autem
1329 1956 1377 2001 in
1410 1973 1511 2002 um-

236 2031 316 2077 bra
337 2030 479 2078 farina
512 2031 635 2090 tuffi,
670 2033 719 2078 &
751 2030 978 2078 convulfis
997 2066 1011 2088 ,
1044 2031 1093 2076 δε
1117 2028 1444 2088 inflationibus,
1465 2031 1514 2078 &

236 2104 406 2150 arteriis
432 2105 647 2152 medetur.
685 2106 1025 2150 Venenatorum
1054 2100 1226 2148 morsus
1252 2100 1400 2164 abigit.
1423 2104 1512 2148 Fo-

236 2175 295 2223 lia
317 2193 372 2223 ex
401 2177 515 2223 vino
538 2177 800 2223 lumborum
836 2175 989 2222 dolori
1020 2174 1265 2220 illinuntur.

302 2248 412 2294 XX.
439 2249 588 2311 Caepae
623 2248 838 2296 silvestres
870 2264 966 2294 non
997 2246 1108 2312 sunt.
1147 2246 1310 2292 Sativae
1345 2244 1511 2292 olfactu

237 2319 335 2381 ipso
367 2321 416 2368 ὅ(
451 2319 816 2367 delacrimatione
851 2319 1031 2384 caligini
1067 2319 1299 2365 medentur
1320 2355 1334 2377 ‚
1371 2319 1508 2381 magis

242 2409 354 2439 vero
377 2393 497 2440 succi
531 2393 807 2441 inunffione.
842 2395 1056 2440 Somnum
1078 2393 1209 2439 etiam
1242 2390 1388 2438 facere
1421 2403 1511 2436 tra-

240 2465 438 2525 duntur,
473 2468 521 2515 &
559 2466 739 2515 hulcera
781 2466 870 2515 oris
907 2465 1090 2524 sanare,
1128 2464 1507 2512 commanducata:
