1653 2797
271 130 556 178 NATUR.
593 130 907 177 HISTOR.
943 132 1068 178 LIB.
1106 131 1260 178 XIX.
1331 144 1434 196 357*

133 238 344 288 calcetur.
377 241 595 286 Praeterea
621 238 677 283 ad
699 237 862 284 lineam
893 256 1030 302 grana
1060 239 1166 287 bina
1192 250 1267 286 aut
1292 250 1419 284 terna

133 312 306 373 paxillo
335 312 538 359 demitti:
569 309 784 357 videlicet
816 310 981 358 semine
1012 325 1110 360 tum
1139 325 1319 360 tantum
1351 312 1422 358 se-

133 382 346 429 rebantur
367 400 378 429 :
410 383 456 428 id
476 380 570 427 fieri
595 379 837 427 secundum
867 384 1191 444 aequinofflum
1214 395 1425 432 vernum-⁴

133 455 340 500 Stercore
372 452 548 510 satiari,
582 451 745 516 crebro
780 455 996 515 purgari,
1036 458 1189 503 caveri
1224 473 1280 503 ne
1316 472 1421 503 cum

134 525 283 572 herbis
308 524 526 572 evellatur
555 523 801 588 asparagus.
837 525 990 572 Primo
1020 544 1145 574 anno
1177 528 1421 576 stramento

134 598 189 644 ab
213 597 358 644 hieme
389 597 595 661 protegi:
633 613 747 644 vere
767 597 958 660 aperiri,
997 597 1172 658 sarriri,
1209 602 1422 649 runcari:

134 669 268 716 tertio
305 669 486 717 incendi
514 686 677 717 verno.
730 671 841 730 Quo
864 672 1079 718 maturius
1108 672 1312 719 incensus
1332 673 1422 732 est,

133 742 225 789 hoc
256 742 414 790 melius
447 741 680 805 provenit.
724 743 1191 806 Itaque.arundinetis
1227 746 1423 792 maxime

134 815 384 874 convenit,
404 833 505 880 quae
523 815 730 862 festinant
747 816 946 863 incendi.
963 817 1121 863 Sarriri
1138 816 1262 879 jubet
1279 819 1422 876 idem,

135 904 231 933 non
266 900 503 952 antequam
535 888 768 952 asparagus
797 900 926 935 natus
957 888 1129 947 fuerit,
1164 907 1220 936 ne
1251 891 1299 936 in
1331 890 1420 937 sar-

132 960 295 1006 riendo
324 961 494 1006 radices
513 972 752 1008 vexentur.
781 963 851 1007 Ex
881 977 939 1007 eo
959 961 1069 1008 velli
1089 961 1346 1026 asparagum
1365 963 1423 1009 ab

132 1034 308 1081 radice:
342 1052 446 1081 nam
475 1034 507 1080 fi
539 1033 818 1098 defringatur
837 1069 852 1092 ‚
887 1033 1173 1097 stirpescere,
1205 1038 1253 1083 &
1277 1037 1418 1083 inter-

133 1108 272 1155 mori.>
307 1109 453 1167 Velli,
483 1109 632 1155 donec
652 1109 700 1154 in
728 1108 877 1155 semen
898 1120 981 1155 eat.
1019 1110 1069 1156 Id
1095 1122 1243 1157 autem
1270 1124 1421 1158 matu-

132 1180 299 1228 rescere
316 1182 373 1228 ad
396 1198 478 1227 ver
497 1217 514 1240 ‚
542 1180 842 1245 incendique:
869 1198 919 1227 ac
946 1181 1119 1241 rursus,
1155 1200 1257 1230 cum
1280 1201 1420 1247 appa-

133 1250 277 1298 ruerit*
297 1253 526 1317 asparagus
543 1290 560 1312 ,
587 1253 732 1300 sarriri
751 1270 801 1299 ac
823 1253 1075 1301 stercorari.
1110 1258 1176 1303 Ac
1207 1257 1307 1319 post
1335 1274 1419 1303 an·-

134 1342 221 1373 nos
245 1342 443 1384 novem,
465 1344 567 1374 cum
586 1325 674 1387 jam
699 1341 832 1373 vetus
859 1326 910 1372 fit
925 1363 938 1384 ,
959 1327 1098 1391 digeri
1115 1328 1294 1376 subdio
1317 1329 1416 1377 solo

136 1402 488 1465 stercoratoque.
522 1403 641 1448 Tum
668 1401 865 1465 spongiis
893 1401 975 1448 seri
995 1438 1010 1462 ,
1039 1402 1316 1466 singulorum
1340 1421 1420 1466 pe-

134 1477 242 1523 dum
279 1476 535 1524 intervallo.
576 1476 703 1537 Quin
733 1478 784 1524 &
821 1476 971 1522 ovillo
1004 1475 1114 1522 fimo
1145 1477 1418 1525 nominatim

136 1550 228 1608 uti,
243 1551 463 1615 quoniam
485 1550 606 1597 aliud
625 1550 784 1596 herbas
801 1562 932 1596 creet.
951 1550 1048 1595 Nec
1066 1549 1311 1614 quidquam
1333 1568 1420 1614 po-

136 1623 226 1670 stea
253 1636 470 1671 tentatum
497 1623 649 1670 utilius
673 1623 905 1686 apparuit,
935 1622 1015 1668 nisi
1035 1624 1160 1687 quod
1178 1625 1297 1671 circa
1318 1626 1419 1672 Idus

138 1697 364 1745 Februarii
384 1697 558 1744 defosso
579 1697 744 1743 semine
766 1697 1009 1743 acervatim
1031 1698 1231 1760 parvulis
1250 1697 1422 1746 scrobi·-

136 1770 218 1816 bus
241 1769 415 1826 serunt,
432 1767 677 1830 plurimum
693 1778 966 1814 maceratum
989 1765 1117 1813 fimo.
1150 1767 1278 1814 Dein
1293 1769 1423 1816 nexis

138 1841 255 1887 inter
283 1839 324 1886 se
352 1840 576 1886 radicibus
594 1839 798 1904 spongias
819 1829 954 1886 factas
979 1838 1079 1902 post
1100 1839 1421 1902 aequinoffiitm

138 1912 340 1961 autumni
369 1912 617 1975 disponunt
636 1913 867 1976 pedalibus
898 1912 1175 1970 intervallis,
1194 1912 1420 1960 fertilitate

137 1989 185 2035 in
208 1986 349 2032 denos
370 2002 513 2032 annos
532 1986 734 2031 durante.
765 1985 953 2031 Nullum
981 1985 1144 2048 gratius
1162 1985 1229 2032 his
1249 1984 1423 2045 solum,

139 2076 272 2124 quam
299 2058 632 2104 Ravennatium
653 2058 907 2104 hortorum.

203 2132 507 2181 Indicavimus
534 2134 584 2179 &
619 2133 872 2180 corrudam.
911 2133 1046 2178 Hunc
1068 2128 1188 2175 enim
1217 2128 1423 2193 intelligo

137 2204 378 2253 silvestrem
397 2204 651 2268 asparagum
668 2241 682 2264 ‚
702 2222 838 2269 quem
855 2204 1007 2251 Graeci
1024 2203 1292 2248 hormenum
1306 2237 1319 2260 ‚
1345 2213 1422 2249 aut

139 2279 445 2342 myacanthon
481 2291 681 2338 vocant,
719 2278 873 2325 aliisve
908 2276 1184 2325 nominibus.
1225 2275 1423 2324 Invenio

141 2351 259 2415 nasci
289 2352 340 2398 ὃς
372 2351 518 2399 arietis
543 2354 760 2400 cornibus
796 2353 899 2399 tusis
929 2364 1062 2416 atque
1099 2349 1293 2396 defoffis.

206 2425 359 2474 XLIII.
395 2424 608 2472 Poterant
632 2425 778 2474 videri
804 2426 916 2476 dina
945 2422 1098 2470 omnia
1116 2437 1219 2486 quae
1243 2421 1289 2468 in
1319 2438 1427 2486 pre»

1022 2496 1057 2541 Z
1095 2509 1117 2556 3
