1653 2797
214 153 498 208 NATUR.
536 153 1084 206 H1sToR.L113.x
1107 157 1266 207 v111.
1313 170 1412 224 30⁹

116 271 173 313 'ac
196 263 468 329 septemtrio.
502 263 752 312 Vulturnus
778 262 810 310 fi
828 280 853 310 a
871 263 1022 313 serena
1040 266 1141 314 'caeli
1160 278 1284 331 parte
1303 284 1407 316 coe-2

116 338 234 402 perit
258 339 365 387 flare
383 375 398 399 ,
430 354 526 386 non
557 335 735 384 durabit
757 335 806 382 in
825 338 1033 385 noitem:
1067 352 1111 386 at
1130 339 1404 389 Subsolanus

116 410 167 459 in
195 412 412 475 majorem
428 423 598 475 partem
619 409 762 457 noffis
784 408 1053 457 extenditur.
1084 412 1301 476 Quisquis
1317 414 1403 461 erit

119 498 312 544 ventus,
343 486 375 533 fi
394 485 595 532 fervidus
625 483 870 540 sentietur,
896 482 1099 545 pluribus
1128 486 1282 532 diebus
1301 503 1405 549 per·

112 557 326 606 manebit.
344 557 623 621 Aquilonem
638 558 912 620 praenuntiat
930 569 1048 604 terra
1073 558 1312 607 siccescens
1332 578 1403 608 re-

113 642 277 694 pente,
298 629 507 676 Austrum
537 630 792 677 humescens
814 646 921 677 rore
948 631 1152 679 occulto.

188 703 437 749 LXXVIII.
467 703 645 749 Etenim
676 703 882 765 praedi&a
914 717 1162 751 ventorum
1192 704 1366 752 ratione
1384 741 1405 764 ,

110 782 173 823 'ne
201 775 357 839 saepius
376 776 530 823 eadem
558 776 787 832 dicantur,
811 777 993 824 tranfire
1017 778 1240 825 convenit
1255 779 1310 824 ad
1329 795 1407 824 re-

108 849 237 913 liqua
264 849 573 913 tempestatum
605 849 814 913 praesagia
830 886 844 909 ‚
873 852 1093 914 quoniam
1124 852 1280 900 &hoc
1301 852 1400 915 pla-

110 925 252 974 cuiffe
281 925 477 990 Virgilio
514 941 787 988 magnopere
808 926 962 973 video.
995 926 1225 990 Siquidem
1243 926 1290 972 in
1311 925 1404 989 ipsa

111 997 246 1047 messe
274 997 388 1061 saepe
417 1002 689 1045 concurrere
720 999 883 1060 proelia
909 1012 1156 1046 ventorum
1190 999 1404 1046 damnosa

111 1072 335 1136 imperitis
351 1070 509 1122 refert.
525 1071 732 1118 Tradunt
757 1074 949 1119 eundem
972 1073 1293 1120 Democritum
1310 1090 1404 1120 me·

114 1157 237 1194 tente
257 1145 394 1192 fratre
426 1143 519 1207 ejus
538 1144 736 1192 Damaso
763 1145 1065 1192 ardentiflimo
1099 1145 1206 1192 aestu
1234 1145 1401 1203 oraffe,

112 1231 165 1267 ut
198 1219 383 1282 reliquae
414 1217 548 1281 segeti
576 1230 806 1281 parceret,
841 1231 1103 1283 raperetque
1135 1219 1304 1266 dese&a
1321 1218 1403 1265 sub

112 1293 305 1351 testum,
334 1291 487 1355 paucis
519 1307 632 1339 mox
673 1289 798 1337 horis
833 1290 959 1340 saevo
996 1291 1137 1338 imbre
1172 1291 1400 1340 vaticina-

109 1367 240 1416 tione
256 1365 516 1430 approbata.
549 1366 677 1427 Quin
701 1365 842 1413 immo
862 1368 913 1414 ὃς
934 1366 1195 1413 arundinem
1211 1383 1306 1413 non
1325 1367 1399 1413 ni-

111 1439 145 1487 s1
179 1439 466 1503 impendente
492 1440 651 1503 pluvia
684 1440 767 1488 seri
792 1439 952 1503 jubent
971 1476 986 1499 ,
1019 1441 1071 1488 &
1102 1439 1249 1503 fruges
1280 1439 1399 1487 inse-

113 1526 278 1562 cuturo
300 1514 459 1562 imbre.
488 1514 799 1575 Quar'nobrem
826 1516 877 1562 &
907 1515 1005 1562 haec
1028 1513 1232 1562 breviter
1263 1514 1396 1561 attin-

111 1603 293 1651 gemus,
322 1586 503 1634 scrutati
534 1586 731 1634 maxime
754 1586 1044 1650 pertinentia.

192 1658 485 1723 Primumque
518 1676 544 1705 a
578 1658 685 1705 Sole
716 1657 942 1721 capiemus
981 1657 1206 1722 praesagia.
1252 1659 1400 1705 Purus

111 1729 266 1777 oriens
280 1766 295 1789 ‚
316 1742 448 1794 atque
470 1747 567 1777 non
594 1729 776 1778 fervens
793 1766 806 1788 ,
832 1729 1034 1778 serenum
1061 1731 1179 1778 diem
1196 1731 1396 1778 nuntiat:

113 1814 160 1849 at
186 1802 421 1850 hibernam
447 1803 634 1866 pallidus
668 1803 944 1867 grandinem-
980 1803 1093 1851 Si&
1110 1802 1282 1849 occidit
1307 1803 1397 1866 pri-

113 1876 187 1924 die
221 1875 427 1934 serenus,
453 1878 505 1924 &
531 1877 677 1924 oritur
695 1913 709 1935 ,
744 1888 871 1924 tanto
899 1875 1206 1933 certior-fides
1235 1876 1398 1923 sereni-

112 1950 229 1998 tatis.
254 1951 506 1997 Concavus
525 1950 673 1997 oriens
693 1949 871 2013 pluvias
890 1949 1118 2013 praedicit:
1145 1949 1261 1996 idem
1283 1967 1399 1996 ven-

114 2035 220 2082 tos,
249 2040 352 2070 cum
385 2034 487 2069 ante
517 2023 797 2070 exorientem
828 2040 928 2070 eum
954 2023 1095 2069 nubes
1126 2021 1365 2069 rubescunt
1382 2040 1402 2070 :-

113 2099 241 2163 quod
258 2099 290 2146 fi
318 2101 369 2147 &
394 2099 532 2162 nigrae
562 2098 826 2145 rubentibus
852 2097 1205 2156 intervenerint,
1227 2098 1277 2143 &
1298 2097 1396 2160 plu·

113 2173 227 2220 vias.
257 2173 377 2220 Cum
405 2172 594 2220 orientis
624 2189 759 2237 atque
791 2171 1040 2219 occidentis
1061 2170 1174 2217 radii
1200 2171 1399 2229 rubent,

113 2245 242 2295 coire
273 2244 465 2308 pluvias.
496 2246 542 2293 Si
579 2246 697 2294 circa
725 2244 1010 2292 occidentem
1032 2242 1275 2290 rubescunt
1305 2260 1391 2289 nu-

113 2316 192 2364 bes
207 2353 222 2375 ,
244 2315 522 2365 serenitatem
548 2317 711 2364 futurae-
729 2317 816 2364 diei
836 2316 1074 2379 spondent.
1107 2315 1152 2361 Si
1184 2316 1230 2361 in
1255 2332 1395 2362 exor-

112 2400 167 2437 tu
189 2388 451 2454 spargentur
474 2391 636 2454 partim
657 2391 712 2438 ad
731 2390 963 2449 Austrum,
986 2389 1148 2453 partim
1173 2389 1227 2436 ad
1246 2389 1402 2453 Aqui--

106 2461 270 2511 <Ionem
283 2500 301 2526 ,
327 2481 438 2529 pura
459 2464 573 2514 circa
601 2482 700 2514 eum
724 2465 928 2514 serenitas
956 2466 1007 2512 fit
1031 2465 1160 2524 licet,
1191 2463 1398 2528 pluviam

981 2538 1029 2581 V
1066 2551 1088 2598 3
