1653 2797
235 142 1030 193 NATUR.H18TOR.L1.B.
1069 144 1188 190 XV.
1308 159 1362 207 75

79 252 314 304 soliorum
326 253 540 304 versibus,
561 253 673 301 Haec
690 267 786 298 non
804 251 866 298 est
886 251 934 298 in
951 252 1054 300 usu:
1077 251 1250 301 ramosa
1262 262 1372 299 utra-

88 344 176 392 que
201 327 303 376 alia.
323 323 632 389 Conjugulam
654 323 862 371 existimo
888 340 1010 371 nunc
1038 326 1282 373 nostratem
1305 325 1371 371 di·-

90 400 146 447 ci.
173 401 357 465 Myrtus
389 396 694 445 odoratissima
727 397 776 444 in
807 397 1030 461 AEgyptO.
1063 399 1178 444 Cato
1213 398 1371 446 docuit

86 474 249 520 vinum
275 471 372 519 fieri
398 488 424 518 e
452 471 605 535 nigra,
638 471 796 520 ficcata
814 471 950 536 usque
974 472 1022 519 in
1050 473 1301 520 ariditatem
1321 474 1376 520 in

86 545 274 604 umbra,
302 554 436 607 atque
464 544 526 590 ita
564 543 711 590 musto
745 544 898 594 indita,
944 544 989 590 Si
1017 561 1114 591 non
1150 544 1372 592 siccentur

87 616 261 674 baccae,
293 614 445 664 oleum
471 615 610 679 gigni.
637 613 796 661 Postea
818 631 1126 677 compertum,
1150 618 1201 663 &
1231 633 1287 662 ex
1309 618 1372 662 al-

85 689 141 736 ba
169 689 331 737 vinum
362 687 460 736 fieri
494 689 644 736 album
663 725 676 746 ,
706 688 885 736 duobus
906 688 1106 736 sextariis
1127 690 1270 754 myrti
1303 701 1370 735 tu-

84 760 141 811 sae
157 798 171 819 ‚
189 761 235 808 in
255 761 357 808 vini
379 761 521 809 tribus
552 762 744 809 heminis
770 773 1001 809 maceratae
1015 799 1029 821 ‚
1053 762 1372 826 expressaeque.

85 833 210 880 Folia
236 835 287 882 &
315 851 395 898 per
422 834 463 882 se
490 835 714 882 siccantur
745 834 792 881 in
812 834 1000 882 farinam
1017 872 1032 891 ‚
1063 835 1118 881 ad
1134 834 1371 882 hulcerum

85 907 282 954 remedia
307 907 355 953 in
379 924 576 970 corpore
597 907 796 953 humano
811 942 825 964 ‚
851 906 1009 953 leniter
1039 907 1243 954 mordaci
1265 907 1370 970 pul-

87 997 196 1028 vere
212 1016 226 1039 ‚
250 998 301 1028 ac
327 980 645 1044 refrigerandis
671 978 920 1025 sudoribus.
955 979 1227 1039 Quinimmo
1261 979 1368 1026 oleo

85 1069 271 1118 quoque
297 1052 494 1117 (mirum
529 1049 677 1115 diem)
715 1050 827 1097 inest
854 1051 1038 1114 quidam
1071 1051 1172 1098 vini
1202 1049 1334 1114 sapor
1353 1087 1369 1110 ‚

85 1125 304 1190 simulque
332 1125 509 1189 pinguis
542 1125 722 1189 liquor,
749 1125 977 1188 praecipua
995 1126 1045 1172 vi
1063 1126 1118 1173 ad
1138 1126 1369 1190 corrigen-

83 1197 138 1244 da
163 1199 304 1257 vina,
337 1197 474 1245 saccis
507 1212 608 1244 ante
644 1196 845 1260 perfusis.
875 1198 1058 1245 Retinet
1085 1199 1255 1261 quippe
1288 1198 1369 1244 fae-

85 1288 208 1330 cem,
241 1287 324 1317 nec
349 1281 513 1334 praeter
533 1286 696 1332 purum
719 1269 942 1332 liquorem
966 1270 1151 1317 transire
1177 1272 1369 1332 patitur,

84 1345 251 1409 datque
286 1343 328 1391 se
367 1344 581 1391 comitem
616 1343 843 1406 praecipua
880 1344 1280 1392 commendatione
1312 1345 1372 1390 li-

86 1430 242 1482 quato.
278 1417 432 1481 Virgae
468 1433 650 1481 quoque
686 1415 779 1479 ejus
820 1417 994 1481 gestatae
1029 1435 1165 1464 manu
1199 1416 1369 1464 viatori

86 1489 276 1553 prosunt
321 1490 368 1537 in
412 1490 555 1555 longo
586 1490 745 1537 itinere
783 1490 938 1553 pediti.
969 1490 1097 1550 Quin
1130 1492 1180 1538 &
1221 1489 1369 1554 virgei

86 1564 208 1611 anuli
245 1576 449 1628 expertes
478 1563 587 1611 ferri
618 1563 857 1628 inguinum
886 1563 1058 1611 tumori
1086 1563 1337 1610 medentur.

152 1639 408 1687 XXXVIII.
454 1637 631 1686 Bellicis
666 1654 852 1702 quoque
889 1637 931 1685 se
982 1638 1113 1685 rebus
1155 1637 1370 1685 inseruit:

86 1715 451 1780 triumphansque
490 1715 545 1762 de
575 1714 749 1762 Sabinis
778 1714 1032 1762 Postumius
1062 1715 1289 1762 Tubertus
1321 1713 1369 1760 in

87 1788 339 1837 Consulatu
376 1787 480 1854 (qui
516 1788 686 1852 primus
725 1787 932 1835 omnium
971 1804 1119 1835 ovans
1153 1785 1368 1851 ingressus

86 1863 259 1910 Urbem
286 1862 375 1922 est,
394 1863 612 1927 quoniam
634 1878 729 1909 rem
756 1861 920 1909 leviter
951 1861 1043 1908 fine
1080 1878 1242 1908 cruore
1277 1858 1368 1924 ges-

87 1934 236 2000 serat)
257 1947 414 2001 myrto
444 1934 634 1983 Veneris
663 1934 872 1991 Vi&r‚icis
903 1946 1145 1982 coronatus
1166 1933 1372 1985 incessit,

89 2008 424 2074 optabilemque
459 2008 667 2057 arborem
696 2008 830 2057 etiam
862 2007 1064 2057 hostibus
1100 2007 1222 2055 fecit.
1259 2008 1370 2054 Haec

86 2082 243 2145 postea
268 2081 506 2130 ovantium
533 2080 619 2129 fuit
645 2097 845 2140 corona,
872 2092 1068 2145 excepto
1099 2081 1164 2126 M.
1189 2079 1371 2136 Crafl‘o,

87 2156 166 2220 qui
194 2155 247 2204 de
273 2155 478 2222 fugitivis
513 2157 563 2205 &
590 2156 807 2219 Spartaco
840 2154 990 2203 laurea
1020 2165 1267 2202 coronatus
1297 2152 1370 2198 in-

89 2228 223 2277 ceffit.
257 2227 473 2276 Masurius
508 2229 662 2276 austor
698 2228 783 2288 est,
828 2245 963 2276 curru
994 2243 1176 2291 quoque
1209 2225 1366 2272 trium-

87 2302 271 2365 phantes
307 2312 483 2366 myrtea
517 2317 689 2348 corona
722 2301 840 2349 usos.
870 2304 919 2349 L.
949 2300 1048 2348 Piso
1085 2300 1249 2356 tradit,
1286 2299 1368 2344 Pa-

89 2376 255 2438 pirium
298 2377 561 2435 Masonem,
603 2376 679 2440 qui
716 2376 885 2440 primus
920 2376 966 2422 in
998 2388 1154 2422 monte
1188 2373 1367 2419 Albano

88 2449 386 2512 triumphavit.
423 2450 476 2497 de
511 2448 688 2507 Corsis,
727 2462 884 2514 myrto
922 2460 1193 2497 coronatum
1235 2446 1367 2494 ludos
