1653 2797
208 139 299 200 408
475 137 530 184 C.
576 137 836 203 PL1N11
885 140 1260 206 SECUNDI

207 259 280 294 tur
303 265 313 294 :
340 263 484 310 neque
520 246 700 293 aestuare
729 263 808 294 eos
828 284 841 306 ,
868 248 945 312 qui
975 249 1087 296 duos
1117 267 1141 296 e
1167 250 1355 315 pulegio
1391 251 1490 299 sur-

207 322 336 370 culos
364 320 598 384 impofitos
627 322 806 368 auribus
842 323 889 368 in
924 323 1026 369 Sole
1057 324 1263 373 habeant.
1299 325 1492 374 Illinitur

206 395 339 441 etiam
368 394 416 440 in
446 394 678 441 doloribus
708 412 808 443 cum
839 396 1025 457 polenta
1060 399 1108 444 &
1131 411 1276 444 aceto.
1309 398 1492 445 Femina

205 466 447 514 efficacior.
474 466 547 513 Est
564 479 711 513 autem
733 467 828 515 haec
847 466 960 513 flore
985 485 1227 529 purpureo.
1261 472 1358 516 Mas
1380 486 1492 517 can-

206 539 363 588 didum
381 539 528 586 habet.
560 540 751 588 Nauseas
781 557 882 587 cum
905 539 989 586 sale
1015 542 1066 588 &
1085 542 1268 603 polenta
1290 543 1338 590 in
1360 541 1491 605 frigi-

206 612 264 659 da
289 628 403 675 aqua
439 624 550 675 pota
583 612 771 660 inhibet.
821 614 893 660 Sic
928 617 976 662 &
1010 615 1200 677 pectoris
1241 633 1291 663 ac
1319 615 1494 663 ventris

208 684 436 731 dolorem.
465 685 693 732 Stomachi
713 697 858 731 autem
880 702 935 732 ex
953 703 1068 749 aqua
1087 686 1196 733 item
1219 687 1422 734 rosiones
1437 687 1498 733 fi·-

207 757 282 804 stit
301 793 316 817 ‚
338 759 389 805 &
414 758 694 804 vomitiones
725 774 826 805 cum
855 770 983 805 aceto
1013 759 1062 805 &
1092 759 1499 822 polentaslntesti⁴

208 847 376 878 norum
408 830 520 875 vitia
546 829 678 875 melle
701 830 883 878 decocta
911 833 961 878 δε
980 831 1101 877 nitro
1135 832 1269 878 sanat.
1304 831 1496 880 Urinam

206 903 337 967 pellit
363 920 420 948 ex
441 902 555 948 vino
575 921 586 949 :
611 905 661 952 &
681 903 711 949 fi
731 905 1001 951 ammineum
1021 905 1074 953 fit
1087 942 1101 964 ,
1132 909 1182 954 &
1198 905 1395 954 calculos
1412 942 1427 964 ,
1446 907 1498 955 &

209 976 451 1023 interiores
481 991 640 1022 omnes
671 976 867 1023 dolores.
896 980 966 1024 Ex
985 977 1115 1024 melle
1139 980 1189 1026 δε
1215 989 1345 1025 aceto
1378 976 1499 1025 sedat

210 1047 433 1095 menstrua
451 1083 464 1105 ‚
487 1049 537 1095 &
564 1047 791 1096 secundas.
825 1051 1001 1098 Vulvas
1030 1050 1269 1099 conversas
1289 1049 1495 1116 corrigit.

211 1120 469 1168 Defiin&os
490 1133 640 1182 partus
660 1119 794 1183 ejicit.
816 1123 976 1168 Semen
996 1122 1409 1170 obmutescentibus
1430 1123 1500 1169 ol-

213 1194 332 1242 facin
349 1195 633 1242 admovetur.
651 1195 971 1244 Comitialibus
990 1197 1037 1242 in
1053 1213 1182 1244 aceto
1203 1196 1358 1261 cyathi
1376 1213 1502 1243 men·

215 1270 312 1317 sura
330 1271 470 1318 datur.
507 1271 552 1316 Si
578 1288 704 1335 aquae
724 1271 967 1318 insalubres
991 1270 1197 1317 bibendae
1214 1269 1299 1315 smt
1313 1305 1326 1326 ‚
1344 1269 1502 1315 tritum

144 1398 148 1401 ,
216 1345 473 1409 aspergitur.
503 1346 785 1392 Salfitudines
810 1345 1017 1409 corporis
1036 1383 1051 1403 ,
1080 1346 1112 1392 fi
1144 1362 1246 1393 cum
1264 1343 1379 1389 vino
1410 1356 1504 1390 tra-

217 1419 350 1464 datur
364 1454 376 1475 ‚
396 1417 570 1464 minuit.
607 1418 871 1464 Nervorum
891 1417 1038 1475 causa,
1059 1417 1173 1464 &in
1194 1415 1504 1463 contractione

219 1507 324 1537 cum
342 1488 427 1535 sale
445 1491 494 1536 &
513 1505 664 1547 acem,
679 1491 729 1538 ὃ(
745 1490 875 1536 melle
893 1489 1170 1536 confricatur
1190 1487 1236 1533 in
1253 1486 1505 1550 opisthoto-

220 1580 300 1614 no.
336 1561 511 1608 Bibitur
525 1561 580 1607 ad
599 1560 871 1624 serpentium
895 1562 1003 1608 ierus
1021 1561 1284 1608 decoctum:
1305 1559 1360 1605 ad
1379 1558 1505 1605 scor-

218 1638 411 1702 pionum
434 1637 483 1684 &
509 1635 555 1680 in
577 1635 691 1682 vino
724 1635 879 1682 tritum
895 1670 906 1691 ‚
927 1634 1120 1681 maxime
1148 1633 1275 1697 quod
1303 1632 1349 1677 in
1379 1632 1507 1679 siccis

223 1709 433 1757 nascitur,
460 1708 532 1754 Ad
549 1707 641 1755 oris
669 1706 1056 1754 exhulcerationes
1072 1743 1086 1765 ,
1105 1706 1158 1753 ad
1182 1704 1327 1751 tuffim
1345 1705 1505 1750 efficax

223 1784 423 1830 habetur.
451 1782 553 1828 Flos
572 1783 761 1830 recentis
787 1780 990 1828 incensus
1006 1817 1019 1840 ,
1038 1779 1206 1843 pulices
1229 1789 1359 1825 necat
1385 1778 1506 1823 odo-

226 1874 288 1905 re.
313 1859 592 1905 Xenocrates
623 1856 788 1919 pulegii
807 1873 976 1902 ramum
1007 1855 1107 1901 lana
1128 1853 1388 1900 involutum
1410 1887 1426 1909 ,
1459 1851 1509 1897 in

226 1929 427 1976 tertianis
463 1942 565 1975 ante
601 1929 897 1976 acceffionem
934 1928 1238 1975 olfactandum
1275 1926 1404 1984 dari,
1435 1936 1510 1971 aut

227 2000 426 2064 stragulis
453 2000 642 2061 subjici,
663 2002 711 2049 &
737 2001 797 2049 ita
821 2000 1040 2049 collocari
1070 2016 1263 2064 aegrum,
1283 1997 1400 2046 inter
1434 2015 1508 2046 re-

230 2074 376 2121 media
393 2074 541 2120 tradit.

297 2149 393 2195 LV.
427 2146 628 2193 silvestri
657 2145 711 2192 ad
740 2145 891 2191 eadem
924 2144 996 2191 vis
1017 2144 1244 2191 efficacior
1264 2144 1325 2192 est
1343 2181 1356 2204 ,
1384 2144 1511 2209 quod

230 2223 369 2271 simile
391 2221 452 2269 est
468 2222 654 2285 origano
671 2257 684 2277 ,
706 2220 955 2266 minoribus
976 2217 1115 2275 foliis,
1138 2234 1271 2281 quam
1290 2217 1510 2265 sativum:

233 2299 283 2344 &
317 2313 341 2342 a
367 2293 627 2359 quibusdam
668 2293 914 2338 dictamnus
951 2303 1158 2337 vocatur.
1214 2289 1447 2337 Gustatum
1488 2306 1512 2335 a

234 2384 398 2431 pecore
427 2366 684 2430 caprisoue,
712 2365 904 2410 balatum
936 2364 1147 2410 concitat.
1180 2362 1311 2410 Unde
1331 2361 1512 2426 quidam

235 2441 389 2489 Graeci
412 2441 537 2488 litera
556 2452 722 2487 mutata
753 2438 971 2485 blechona
997 2448 1298 2485 vocaverunt.
1344 2435 1511 2481 Natura
