1653 2797
187 151 478 199 NATUR.
517 151 828 199 HISTOR.
862 154 984 200 LIB.
1025 153 1241 202 XVIII.
1285 166 1372 218 255

162 258 359 306 XXXII.
400 259 572 306 Ciceris
611 270 769 305 natura
794 258 855 305 est
885 260 1004 324 gigni
1037 279 1138 309 cum
1171 261 1379 325 salfilagi-

98 346 155 376 ne
178 350 188 377 :
221 331 324 378 ideo
353 331 496 378 solum
529 329 631 376 urit.
666 331 764 375 Nec
793 331 875 382 nisi
901 334 1192 381 madefafhim
1209 334 1352 398 pridie
1361 362 1378 392 3

98 404 182 451 seri
215 405 358 453 debet.
394 404 674 452 Differentiae
705 404 881 466 plures,
905 408 1213 470 magnitudine
1231 446 1246 466 ,
1268 407 1383 472 figu-

100 494 173 535 ra,
205 477 391 534 colore,
419 475 592 538 sapore.
629 475 704 522 Est
728 476 848 523 enim
881 477 1070 525 arietino
1100 481 1237 543 capiti
1261 481 1383 527 fimi-

101 551 145 597 le
167 587 182 608 ,
213 551 333 597 unde
381 549 443 595 ita
481 550 738 613 appellant,
775 549 926 597 album
964 550 1250 615 nigrumque.
1308 552 1385 600 Est

102 625 155 670 &
173 621 510 680 columbinum,
536 622 663 686 quod
685 621 761 668 alii
781 622 1027 669 Venerium
1055 636 1256 682 vocant,
1280 641 1385 670 can-

101 695 286 753 didum,
322 696 606 755 rotundum,
637 695 768 755 leve,
806 696 996 744 arietino
1042 696 1225 754 minus,
1262 697 1388 760 quod

104 766 263 830 religio
298 768 550 832 pervigiliis
579 769 771 818 adhibet.
809 769 881 817 Est
906 771 956 818 &
981 769 1199 818 cicercula
1225 770 1388 822 minuti

107 839 288 898 ciceris,
311 840 541 904 inaequalis
556 879 570 902 ,
597 843 828 907 angulofi,
850 843 994 891 veluti
1014 843 1170 906 pisum.
1203 843 1391 892 Dulcis-

104 912 264 958 simum
293 925 442 959 autem
474 914 544 973 id,
571 916 695 978 quod
726 933 841 965 ervo
870 916 1173 964 fimillimum:
1203 915 1393 963 firmius-

108 1001 196 1048 que
223 985 351 1048 quod
381 985 557 1047 nigrum
587 989 638 1035 &
666 987 817 1035 rufum
833 1025 849 1048 ,
877 1005 1012 1053 quam
1045 989 1169 1053 quod
1192 989 1360 1035 album.

177 1058 389 1105 XXXIII.
426 1059 609 1123 Siliquae
638 1062 847 1108 rotundae
876 1061 1039 1121 ciceri,
1073 1062 1231 1109 ceteris
1265 1062 1394 1125 legu-

108 1131 283 1177 minum
303 1131 474 1195 longae,
503 1134 552 1180 &
569 1133 624 1180 ad
641 1131 828 1198 figuram
845 1133 1021 1180 seminis
1051 1133 1171 1180 latae:
1198 1133 1295 1197 piso
1313 1150 1397 1197 cy·

109 1205 336 1250 lindratae:
368 1203 645 1251 faseolorum
678 1223 782 1253 cum
808 1207 910 1269 ipsis
930 1207 1201 1253 manduntur
1234 1207 1398 1270 granis,

110 1278 265 1322 Serere
295 1293 375 1322 eos
401 1285 488 1340 qua
519 1278 634 1324 velis
658 1290 776 1325 terra
802 1279 907 1326 licet
929 1279 982 1325 ab
1005 1278 1155 1326 Idibus
1181 1279 1400 1326 Octobris

109 1350 158 1396 in
189 1349 413 1396 Kalendas
446 1351 748 1398 Novembres.
798 1352 1070 1415 Legumina,
1111 1370 1214 1399 cum
1249 1366 1399 1400 matu—

113 1423 283 1469 rescere
309 1436 550 1486 coeperunt
565 1459 578 1482 ,
598 1424 809 1488 rapienda
824 1424 947 1484 sunt,
970 1425 1184 1487 quoniam
1203 1424 1296 1471 cito
1323 1440 1401 1469 ex-

114 1496 263 1543 siliunt
279 1532 292 1554 ,
316 1496 541 1560 latentque
568 1515 669 1544 cum
698 1498 926 1555 decidere,
947 1497 1058 1544 sicut
1085 1498 1135 1544 &
1163 1496 1399 1559 lupinum:

113 1587 371 1635 quanquam
407 1571 531 1633 prius
563 1571 616 1617 de
647 1572 767 1634 rapis
804 1571 957 1617 dixisse
993 1570 1253 1617 conveniat.

181 1645 400 1690 XXXIV.
430 1645 480 1689 In
511 1643 756 1691 transcursu
787 1661 835 1690 ea
860 1645 1046 1708 attigere
1076 1643 1245 1702 nostri,
1265 1642 1408 1706 paulo

116 1714 376 1779 diligentius
399 1716 579 1775 Graeci,
600 1718 652 1764 &
676 1717 756 1780 ipfi
777 1729 927 1764 tamen
953 1717 1070 1764 inter
1093 1717 1346 1764 hortensia:
1373 1716 1405 1762 si

116 1786 255 1849 justus
283 1789 400 1834 ordo
427 1787 529 1848 fiat,
550 1806 575 1836 a
600 1788 829 1836 frumento
862 1790 1069 1853 protinus
1091 1802 1165 1836 aut
1190 1801 1310 1836 certe
1334 1789 1404 1835 fa-

120 1861 177 1907 ba
205 1860 435 1919 dicendis,
462 1863 644 1925 quando
683 1863 759 1909 alii
797 1863 897 1909 usus
937 1862 1218 1926 praestantior
1253 1863 1309 1908 ab
1338 1862 1406 1908 his

122 1947 219 1977 non
255 1930 329 1977 est.
379 1933 496 1978 Ante
527 1933 680 1980 omnia
711 1950 902 1996 namque
940 1933 1108 1980 cunffis
1141 1933 1409 1980 animalibus
1440 1956 1452 1972 ·

124 2005 394 2064 nascuntur,
428 2022 511 2052 nec
545 2005 592 2052 in
627 2006 876 2053 novistimis
916 2006 1072 2054 satiant
1108 2007 1220 2054 ruris
1253 2007 1411 2053 alitum

122 2093 308 2140 quoque
345 2094 539 2140 genera,
577 2078 803 2142 magisque
847 2079 878 2124 si
920 2080 1236 2143 decoquantur
1283 2096 1411 2142 aqua.

126 2151 453 2212 Quadrupedes
475 2152 524 2198 &
542 2150 704 2197 fronde
729 2167 888 2197 eorum
916 2152 1122 2215 gaudent.
1157 2153 1213 2197 Et
1233 2151 1412 2198 homini

127 2239 222 2268 non
263 2223 414 2270 minor
454 2225 740 2286 rapaciorum
783 2223 872 2271 suis
905 2225 1030 2271 horis
1063 2224 1230 2288 gratia,
1277 2240 1412 2288 quam

127 2312 364 2358 cymarum
385 2311 395 2340 :
424 2295 698 2342 flavidorum
731 2312 912 2359 quoque
932 2333 944 2354 ,
963 2299 1014 2344 &
1033 2296 1078 2341 in
1100 2295 1276 2343 horreis
1302 2311 1410 2341 ene-

127 2381 334 2414 catorum
356 2404 368 2425 ,
400 2368 478 2414 vel
513 2367 657 2429 maj0r
694 2385 826 2432 quarn
859 2369 1117 2416 virentium.
1169 2367 1264 2430 Ipsa
1296 2383 1413 2413 vero

126 2440 289 2488 durant
324 2443 376 2489 &
409 2442 457 2488 in
491 2439 566 2487 sua
605 2454 722 2489 terra
760 2441 963 2490 servata:
1000 2444 1050 2490 &
1084 2441 1240 2504 postea
1270 2440 1414 2505 passa,
