1653 2797
306 170 591 222 NATUR.
626 170 924 218 HISTOR.
959 173 1083 220 LIB.
1120 172 1264 221 XVI.
1381 174 1437 238 [ἐς

156 279 288 327 diferi
317 280 510 327 maxime
539 276 711 342 generis
741 292 924 339 omnes,
953 278 1114 344 quihus
1144 280 1296 330 honos
1321 283 1441 345 apud

156 354 392 400 Romanos
425 366 689 415 perpetuus..

220 427 295 472 ΠΙ.
327 424 446 471 Hinc
481 422 641 470 civicae
673 438 891 480 coronae,
916 422 1116 470 militum
1142 425 1327 472 virtutis
1362 425 1435 471 in·-

155 498 277 563 figne
302 495 615 543 clarissimum:
652 495 740 558 jam
769 495 945 558 pridem
962 511 1077 542 vero
1110 497 1161 543 &
1190 498 1441 545 clementiae,⁴

156 574 479 633 Imperatorum
499 605 512 628 ,
548 568 789 634 postquam
824 568 1032 616 civilium
1064 569 1286 618 bellorum
1325 590 1435 636 pro-

153 643 267 690 fano.
290 642 500 688 meritum
534 642 675 705 coepit
700 641 873 698 videri,
905 642 1055 689 civem
1083 659 1179 689 non
1212 645 1436 694 occidere.

151 714 333 761 Cedunt
356 713 422 760 his
450 713 668 771 murales,
703 711 998 776 vallaresque,
1028 714 1078 761 &
1096 730 1262 774 aureae,
1291 733 1435 779 quan-

154 804 295 851 quam
335 787 483 850 pretio
524 787 849 834 antecedentes.
894 788 1077 836 Cedunt
1111 790 1161 835 &
1197 787 1432 848 rostratae,

150 859 358 922 quamvis
386 860 433 906 in
463 860 638 906 duobus
664 860 857 907 maxime
887 860 948 906 ad
972 861 1064 909 hoc
1095 861 1183 908 aevi
1207 862 1431 910 celebres:

150 934 214 979 M.
250 935 456 979 Varrone
482 950 506 980 e
539 933 735 996 piraticis
765 933 920 992 bellis,
948 933 1079 980 dante
1100 935 1266 997 Magno
1292 936 1436 981 Pom-

148 1003 254 1068 pejo
276 1022 287 1050 ε
320 1004 516 1067 itemque
546 1006 610 1052 M.
631 1005 852 1069 Agrippa,
881 1003 1105 1052 tribuente
1124 1004 1296 1053 Caesare
1320 1023 1345 1052 e
1363 1006 1430 1052 Si-

149 1076 290 1135 culis,
322 1094 422 1141 quae
453 1078 503 1124 &
535 1076 627 1139 ipsa
659 1077 844 1139 piratica
872 1075 1007 1124 fuere.
1030 1079 1173 1123 Antea
1192 1077 1334 1124 rostra
1351 1094 1432 1123 na-

149 1150 279 1196 vium
305 1150 518 1198 tribunali
535 1148 716 1212 praefixa
741 1149 830 1195 fori
858 1151 992 1196 decus
1013 1162 1163 1209 erant,
1183 1150 1327 1197 veluti
1342 1166 1430 1213 po·-

146 1223 259 1287 pulo
296 1225 509 1269 Romano
541 1223 622 1286 ipfi
644 1239 815 1269 corona
843 1222 1064 1286 imposita.
1085 1223 1324 1286 Postquam
1343 1241 1430 1271 ve·-

148 1312 203 1343 ro
230 1295 473 1343 tribunitiis
493 1294 781 1342 seditionibus
811 1295 1038 1343 calcariae
1059 1295 1206 1358 pollui
1225 1314 1432 1359 coepere,

146 1368 383 1433 postquam
409 1367 530 1414 vires
558 1383 615 1413 ex
641 1367 824 1429 publico
846 1366 892 1412 in
910 1367 1137 1429 privatum
1155 1368 1292 1431 magis
1306 1404 1319 1426 ‚
1340 1368 1426 1413 fin-

148 1440 348 1505 gulisque
383 1439 557 1486 civium
585 1438 754 1501 quaeri,
790 1438 1062 1484 sacrosancta
1091 1439 1245 1486 omnia
1275 1440 1427 1502 profa-

145 1531 203 1560 na
234 1512 405 1572 fecere,
436 1525 532 1559 tum
563 1530 588 1558 a
615 1511 802 1575 pedibus
833 1527 993 1558 eorum
1019 1511 1192 1559 subiere
1211 1512 1258 1558 in
1281 1513 1427 1576 capita

144 1586 317 1634 civium
336 1585 492 1632 rostra.
511 1585 654 1632 Dedit
670 1585 784 1631 hanc
793 1583 1014 1648 Augustus
1036 1585 1430 1648 coronam-Agripff

143 1679 243 1725 pae:
277 1660 351 1707 sed
372 1660 567 1708 civicam
597 1676 621 1705 a
647 1675 807 1723 genere
829 1658 1029 1705 humano
1057 1658 1229 1721 accepit
1252 1658 1357 1721 ipse&

207 1737 283 1781 I-V.
313 1733 575 1798 Antiquitus
601 1732 782 1796 quidem
818 1731 969 1789 nulla,
1003 1729 1082 1776 nifi
1119 1731 1251 1789 Deo,
1285 1731 1423 1777 daba-

141 1820 239 1854 tur-2
275 1807 337 1854 ob
368 1807 414 1853 id
441 1807 667 1852 Homerus
694 1804 807 1856 caelo
831 1816 1008 1851 tantum
1041 1820 1142 1863 eas,
1178 1806 1229 1852 &
1256 1805 1424 1867 proelio

143 1880 356 1928 universo
385 1881 566 1928 tribuit:
594 1880 768 1929 viritim
787 1894 901 1927 vero
921 1894 977 1924 ne
997 1877 1044 1923 in
1062 1878 1301 1926 certamine
1319 1880 1424 1943 qui-

143 1954 245 2001 dem
272 1953 364 2000 ulli.
393 1957 646 2017 Feruntque
679 1950 1100 2017 primumomnium
1121 1951 1330 2001 Liberum
1347 1970 1432 2015 pa«

143 2038 256 2074 trem
274 2024 527 2089 imposuisse
543 2026 676 2088 capiti
697 2025 780 2072 suo
797 2041 854 2071 ex
879 2023 1022 2074 edera.
1042 2022 1198 2072 Postea
1212 2024 1431 2074 Deorum*

142 2101 311 2148 honori
332 2099 624 2148 sacrificantes
646 2099 858 2159 sumsere,
874 2098 1066 2148 victimis
1085 2098 1212 2145 fimul
1228 2115 1423 2146 corona-

142 2174 212 2221 tis,
231 2173 484 2221 Noviffime
498 2175 547 2223 &
564 2173 610 2221 in
625 2172 755 2223 sacris
771 2172 1087 2224 certaminibus
1100 2171 1341 2235 usurpatae:
1373 2173 1431 2218 in·

143 2245 311 2311 quibus
328 2245 553 2309 hodieque
580 2261 674 2293 non
695 2245 859 2292 victori
882 2245 1011 2292 datur
1025 2281 1042 2302 ‚
1062 2244 1137 2291 sed
1154 2245 1342 2307 patriam
1362 2245 1430 2290 ab

137 2336 200 2375 geo
237 2318 448 2367 coronari
477 2319 810 2381 pronuntiatur.
844 2318 951 2366 Inde
985 2331 1167 2377 natum,
1209 2330 1258 2365 ut
1284 2318 1428 2368 etiamv

124 2439 128 2443 ,
142 2390 478 2456 triumphaturis
494 2391 858 2440 conferrenturin
871 2393 1049 2456 templis
1069 2392 1286 2438 dicandae:
1304 2408 1423 2441 mox

141 2477 194 2514 ut
208 2465 258 2512 &
280 2463 395 2513 ludis
414 2464 647 2517 darentur„
665 2469 874 2530 Longum
888 2465 973 2524 est,
994 2482 1077 2512 nec
1103 2464 1291 2516 instituti
1309 2482 1426 2528 ope-—

1050 2540 1080 2583 F
1118 2553 1140 2599 3
