1653 2797
299 133 1298 187 NATUR.HISTOR.L113.X1V.
1408 147 1457 197 15

179 248 251 298 bri
268 286 281 307 ,
302 249 349 295 in
367 247 485 295 hisce
505 258 580 291 XX
599 241 723 289 annis
746 253 945 288 mercato
962 258 1035 288 rus
1060 240 1305 288 sexcenties
1328 257 1465 288 num-

182 323 305 370 mum
330 317 526 368 centenis
548 315 744 362 millibus
766 315 812 360 in
840 314 1000 360 eodem
1026 314 1319 362 Nomentano
1347 313 1468 360 deci-

184 397 246 443 mi
268 393 423 456 lapidis
451 391 506 437 ab
533 389 658 436 Urbe
693 386 983 435 diverticulo.
1022 386 1095 433 Est
1125 398 1273 433 autem
1305 385 1468 450 usque-

184 483 358 533 quaque
387 476 497 511 nota
527 463 688 517 vilitas,
705 460 866 508 mercis
896 477 976 524 per
1004 459 1158 506 omnia
1187 459 1435 508 suburbana
1453 496 1469 519 ‚

183 541 247 588 ibi
272 551 419 586 tamen
449 536 672 594 maxima,
700 534 918 599 quoniam
947 534 999 580 &
1024 531 1217 595 neglecta
1242 550 1322 595 per
1351 533 1471 580 indi-

183 598 413 677 ligentiam
440 610 606 673 praedia
628 618 868 671 paraverat
885 642 900 665 ,
927 623 979 654 ac
1006 622 1062 652 ne
1087 605 1134 650 in
1154 605 1346 666 peffimis
1371 606 1471 670 qui-

184 684 287 730 dem
314 679 598 746 elegantioris
623 678 719 725 soli.
750 679 860 724 Haec
885 675 1102 741 aggressus
1121 678 1353 736 excolere,
1375 694 1471 723 non

186 757 356 804 virtute
383 753 553 811 animi,
575 751 650 799 sed
669 750 869 799 vanitate
896 750 1076 813 primo,
1094 766 1197 813 quae
1221 762 1332 797 nota
1360 750 1473 796 mire

119 858 123 862 -
185 829 233 876 in
257 828 338 874 illo
372 827 485 885 fuit,
506 824 734 889 pastinatis
765 825 818 871 de
842 824 1021 888 integro
1041 824 1188 871 vineis
1219 841 1325 871 cura
1350 824 1474 870 Sthe-

188 903 310 960 neli,
346 901 453 948 dum
495 898 739 963 agricolam
789 897 1023 955 imitatur,
1054 897 1107 942 ad
1139 897 1223 945 vix
1261 896 1476 944 credibile

188 973 455 1022 miraculum
485 970 721 1034 perduxit,
758 970 876 1016 intra
911 970 1124 1016 octavum
1164 985 1330 1016 annum
1367 987 1477 1034 qua-

189 1046 464 1111 dringenties
482 1045 719 1092 nummum
748 1046 911 1093 emtori
934 1046 1104 1092 additia
1128 1044 1349 1108 pendente
1369 1045 1477 1091 vin-

190 1121 349 1167 demia.
367 1117 682 1180 -Cucurritque
715 1134 850 1164 nemo
877 1133 974 1164 non
1003 1118 1056 1165 ad
1082 1117 1334 1180 spectandas
1364 1133 1479 1163 uva-

192 1208 293 1239 rum
324 1190 370 1234 in
398 1189 452 1233 iis
472 1187 618 1233 vineis
645 1187 808 1244 strues,
829 1187 968 1234 literis
992 1188 1087 1249 ejus
1108 1187 1342 1234 altioribus
1370 1205 1481 1235 con-

190 1272 260 1306 tra
283 1260 329 1305 id
356 1258 480 1322 pigra
506 1258 738 1306 vicinitate
769 1258 848 1303 fibi
871 1259 1209 1320 patrocinante:
1242 1259 1482 1306 noviffime

193 1335 373 1380 Annaeo
407 1332 573 1376 Seneca
591 1366 604 1387 ,
636 1330 840 1393 principe
873 1341 969 1377 tum
996 1331 1291 1389 eruditionis,
1320 1348 1371 1378 ac
1396 1347 1482 1394 po-

192 1404 370 1462 tentiae,
397 1420 497 1467 quae
523 1402 753 1466 postremo
782 1402 920 1450 nimia
942 1403 1027 1451 fuit
1056 1403 1184 1467 super
1203 1403 1375 1467 ipsum,
1394 1404 1482 1451 mi-

191 1476 312 1523 nime
341 1476 497 1540 utique
533 1476 746 1523 miratore
777 1475 1007 1533 inanium,
1032 1487 1159 1522 tanto
1193 1476 1352 1539 praedii
1389 1475 1484 1538 ejus

193 1565 349 1595 amore
383 1560 516 1612 capto
531 1585 545 1608 ‚
573 1560 622 1596 ut
642 1565 737 1594 non
764 1548 953 1611 puderet
974 1548 1125 1595 inviso
1145 1549 1249 1597 alias
1266 1551 1317 1596 &
1337 1548 1484 1596 osten-

191 1632 343 1668 taturo
383 1622 556 1668 tradere
591 1621 782 1685 palmam
813 1638 942 1682 eam,
976 1623 1104 1671 emtis
1139 1622 1483 1687 quadruplicato

194 1695 342 1743 vineis
368 1694 456 1742 illis
479 1695 597 1742 intra
625 1696 851 1744 decimum
878 1697 971 1744 fere
994 1715 1114 1745 curae
1133 1714 1326 1745 annum:
1349 1697 1484 1762 digna

196 1786 363 1833 opera,
401 1787 501 1834 quae
531 1771 579 1818 in
614 1772 822 1819 Caecubis
856 1769 1104 1837 Setinisque
1139 1774 1255 1838 agris
1287 1774 1485 1838 profice·-

198 1855 296 1890 ret:
330 1844 510 1907 quando
545 1847 595 1893 δε
627 1846 779 1908 postea
818 1846 1128 1910 saepenumero
1164 1848 1371 1912 septenos
1404 1866 1484 1895 cu-

198 1914 295 1970 leos
331 1916 498 1981 fingula
531 1916 711 1982 jugera,
748 1920 839 1966 hoc
875 1920 969 1978 est,
1002 1921 1235 1985 amphoras
1276 1932 1484 1968 centenas

199 1988 499 2054 quadragenas
527 1990 660 2037 musti
699 1991 870 2039 dedere.
918 1994 988 2040 Ac
1024 2010 1080 2039 ne
1113 1994 1211 2057 quis
1241 1995 1407 2043 victam
1437 1995 1485 2040 in

199 2060 292 2109 hoc
311 2061 618 2125 antiquitatem
639 2063 929 2111 arbitraretur
943 2101 958 2123 ,
979 2065 1095 2112 idem
1116 2067 1231 2113 Cato
1250 2067 1391 2114 denos
1411 2085 1487 2114 cu-

201 2132 297 2180 leos
324 2134 468 2182 redire
499 2153 554 2182 ex
584 2135 809 2199 jugeribus
837 2137 1028 2201 scripsit,
1057 2139 1309 2187 efficacibus
1336 2157 1486 2189 exem-

201 2206 287 2270 plis
319 2224 414 2255 non
443 2210 582 2256 maria
608 2211 707 2272 plus
734 2222 948 2257 temerata
980 2211 1188 2260 conferre
1214 2213 1486 2272 mercatori,

205 2297 299 2328 non
331 2281 379 2327 in
412 2284 615 2331 Rubrum
645 2285 751 2331 litus
791 2285 1057 2335 Indicumve
1092 2303 1261 2338 merces
1293 2286 1450 2351 petitas
1470 2323 1486 2345 ,

204 2369 336 2418 quam
365 2355 565 2405 sedulum
594 2360 709 2406 ruris
738 2359 887 2406 larem.

286 2431 365 2483 vl.
416 2430 542 2479 Vino
587 2433 888 2498 antiquiffima
929 2434 1103 2481 claritas
1148 2435 1402 2494 Maroneo,
1439 2434 1486 2479 in
