1653 2797
288 161 574 217 NATUR.
611 147 927 216 H1'T5TOR,
964 168 1090 217 ΜΒ.
1128 161 1248 218 xx.
1334 179 1432 235 403

135 271 210 325 iis.
234 278 411 325 Contra
432 275 664 323 aconitum
681 275 876 321 maxime
890 312 904 335 a
924 278 974 324 δε
995 276 1182 325 viscum.
1201 281 1312 326 Item
1328 278 1432 326 sun-

139 362 223 416 gos
240 387 254 410 ‚
278 350 372 399 five
392 344 439 396 in
464 360 578 411 potu
598 348 728 394 detur
746 383 760 405 ,
783 348 876 395 five
898 350 945 395 in
967 349 1089 398 cibo.
1117 352 1260 398 Simili
1283 353 1428 399 modo

140 436 301 472 contra
325 421 596 485 serpentium
633 421 743 467 ictus
763 456 777 480 ‚
804 433 963 484 utpote
999 441 1102 471 cum
1131 425 1327 472 mustelae
1359 426 1432 473 di-

139 497 370 545 micaturae
393 510 496 541 cum
522 493 592 540 his
610 529 624 553 ,
642 495 928 557 rutamprius
948 497 1124 543 edendo
1152 496 1193 543 se
1213 499 1434 547 munitum

140 570 308 617 Valent
335 569 385 615 ὅ(
420 578 580 616 contra
612 565 903 630 scorpionum
925 602 938 624 ‚
962 569 1012 614 δέ
1044 580 1205 614 contra
1239 587 1434 617 araneo-

141 652 242 690 rum
262 677 277 700 ,
306 657 440 704 apum
461 675 476 699 ‚
515 639 787 686 crabronum
806 675 820 697 ,
854 638 1092 702 vesparum
1128 642 1308 689 aculeos
1334 679 1347 701 ‚
1385 646 1436 692 ὃς

141 713 424 763 cantharidas
443 748 457 770 ,
480 729 530 759 ac
556 711 851 759 salamandras
870 748 884 770 ‚
909 711 1090 759 canisve
1110 713 1272 760 rabiofi
1306 732 1436 762 mor-2

141 787 245 834 sus:
275 785 494 833 acetabuli
527 784 732 831 mensura
765 783 922 831 succus
949 801 973 830 e
998 785 1114 831 vino
1145 785 1343 846 bibitur,
1383 789 1436 835 &

144 861 259 908 folia
279 860 382 907 trita
398 859 473 908 vel
495 858 870 925 commanducata
889 858 1186 921 imponuntur
1207 877 1309 907 cum
1327 861 1438 908 mel-

143 934 188 982 le
216 936 266 982 &
295 932 408 991 sale,
432 932 509 980 vel
545 948 645 979 cum
673 942 804 978 aceto
839 933 889 979 &
920 931 1020 994 pice
1055 933 1252 980 deco&a.
1287 935 1445 990 Succos¹

145 1025 264 1056 vero
301 1006 542 1072 perunctos
584 1019 662 1052 aut
702 1023 797 1052 eam
828 1006 1076 1065 habentes,
1111 1020 1276 1072 negant
1313 1008 1443 1057 feriri

145 1083 203 1130 ab
230 1081 298 1129 his
325 1077 583 1128 maleficiis:
608 1079 917 1144 serpentesque
933 1117 948 1138 ‚
973 1081 1004 1126 s1
1025 1094 1182 1128 uratur
1206 1095 1306 1129 ruta
1325 1119 1339 1143 ,
1368 1085 1441 1130 rii-2

148 1156 307 1203 dorem
338 1153 505 1216 fugere.
533 1152 843 1199 Efficaciffima
866 1164 1016 1199 tamen
1044 1153 1107 1200 est
1140 1154 1351 1203 filvestris
1372 1175 1442 1204 ra-

147 1228 227 1275 dix
247 1243 350 1275 cum
371 1225 488 1274 vino
505 1224 658 1272 sumta.
686 1226 886 1272 Eandem
905 1224 1121 1287 adjiciunt
1139 1227 1443 1277 efficaciorem

148 1300 233 1349 effe
262 1299 340 1346 sub
366 1298 444 1346 dio
473 1310 643 1362 potam.
690 1297 969 1362 Pythagoras
998 1299 1050 1345 &
1081 1299 1127 1344 in
1159 1298 1241 1348 hac
1270 1318 1442 1350 marem

148 1372 402 1422 minoribus
432 1371 728 1435 herbaceique
759 1370 928 1418 coloris
956 1370 1077 1417 foliis
1108 1388 1131 1417 a
1160 1371 1326 1420 femina
1350 1374 1443 1420 dis-:-

149 1448 297 1497 crevit
316 1463 326 1492 ε
348 1463 444 1494 eam
472 1446 724 1493 laetioribus
754 1445 877 1492 foliis
906 1447 955 1493 ὅ(
977 1446 1149 1492 colore.
1186 1446 1307 1492 Idem
1329 1465 1444 1495 ocu-

151 1523 206 1569 lis
227 1522 412 1570 noxia‘m
434 1520 616 1585 putavit
639 1538 649 1566 :
673 1519 856 1578 falsum,
876 1517 1097 1582 quoniam
1124 1517 1367 1581 scalptores
1391 1523 1445 1569 δῖ,

151 1596 345 1660 Ρὶἂοῑεε
370 1595 460 1641 hoc
499 1593 605 1640 cibo
639 1603 834 1637 utuntur
872 1589 1118 1637 oculorum
1152 1591 1309 1651 causa,
1338 1610 1446 1641 cum

152 1681 268 1734 'pane
287 1667 364 1718 vel
381 1666 599 1714 nasturtio
617 1683 628 1713 t
650 1682 796 1729 caprae
815 1681 1000 1729 quoque
1018 1664 1236 1711 filvestres
1255 1679 1447 1729 propter

152 1741 299 1789 visum
317 1777 330 1800 ,
358 1752 410 1786 ut
436 1737 577 1802 ajunt.
622 1738 760 1784 Multi
781 1737 915 1784 succo
949 1735 1042 1798 ejus
1075 1753 1179 1783 cum
1211 1738 1343 1784 melle
1362 1741 1446 1785 At-

154 1816 250 1864 tico
284 1814 455 1861 inuncti
491 1813 779 1860 discusserunt
812 1810 1054 1875 caligines,
1088 1811 1165 1858 vel
1199 1829 1304 1859 cum
1333 1813 1446 1861 laste

154 1887 355 1936 mulieris
384 1896 572 1951 puerum
608 1886 755 1932 enixae
776 1920 790 1943 ‚
820 1883 898 1931 vel
931 1900 1050 1947 puro
1095 1883 1233 1931 succo
1271 1887 1446 1949 angulis

156 1962 399 2010 oculorum
426 1958 562 2007 taclis.
596 1959 845 2023 Epiphoras
875 1974 979 2006 cum
1012 1956 1200 2019 polenta
1234 1957 1445 2021 imposita

158 2037 282 2086 lenit.
301 2039 409 2084 Item
431 2035 586 2099 capitis
606 2034 790 2081 dolores
810 2044 919 2097 pota
943 2049 1045 2079 cum
1065 2032 1181 2080 vino
1200 2069 1214 2092 ,
1236 2047 1312 2080 aut
1338 2052 1445 2082 cum

158 2124 287 2160 aceto
307 2112 357 2157 &
383 2108 567 2157 rosaceo
597 2107 722 2154 illita.
758 2107 803 2154 Si
822 2123 938 2154 vero
964 2105 1017 2152 fit
1048 2105 1271 2168 cephalaea
1291 2144 1308 2165 ‚
1342 2124 1448 2156 cum

158 2184 303 2232 farina
321 2183 570 2230 hordeacea
585 2217 600 2240 ‚
621 2182 672 2229 δε
691 2193 838 2228 aceto.
859 2179 1023 2227 Eadem
1044 2178 1281 2226 cruditates
1305 2180 1448 2227 discu-

159 2257 248 2316 tit,
282 2273 395 2303 mox
442 2254 699 2302 inflationes
720 2290 734 2314 ‚
767 2254 949 2301 dolores
990 2251 1212 2299 stomachi
1252 2265 1449 2302 veteres,

161 2330 338 2377 Vulvas
357 2329 498 2392 aperit
516 2365 529 2387 ‚
551 2328 824 2392 corrigitque
843 2325 1086 2374 conversas
1103 2361 1116 2384 ‚
1134 2324 1245 2371 illita
1264 2324 1309 2371 in
1331 2326 1447 2373 mel-

160 2403 204 2450 le
226 2440 239 2462 ,
264 2415 366 2450 toto
386 2414 556 2450 vventre
579 2404 629 2450 δε
649 2402 843 2466 ρεᾶοτε.
875 2399 1156 2465 Hydropicis
1188 2416 1289 2446 cum
1317 2398 1408 2446 fico
1430 2436 1447 2461 ‚

163 2478 214 2526 ὃς
246 2475 430 2526 ἀεςοξὶᾶ
459 2475 514 2524 ad
543 2473 747 2528 dimidias
777 2485 954 2538 partes,
989 2485 1191 2535 potaque
1224 2487 1281 2519 ex
1314 2471 1446 2521 vino.

1041 2544 1077 2589 C
1100 2560 1127 2591 c
1157 2560 1191 2590 „2³
