1653 2797
335 161 610 210 NATUR.
649 161 972 207 Htsron.
1018 159 1302 212 [πῆξεν.
1412 163 1475 229 {³3

193 270 290 334 Iege
320 270 547 326 sanciens,
583 267 726 314 minui
758 267 911 330 jubeat
948 285 1027 332 per
1059 268 1132 317 fici
1160 270 1479 319 maturitatem.

195 345 315 390 Cum
345 341 513 390 recenti
541 339 633 388 fico
678 339 813 387 salitis
853 341 958 387 vice
1000 342 1111 388 casei
1151 343 1303 404 vesci,
1333 354 1478 408 nuper

194 416 496 480 excogitatum
528 413 602 460 est.
628 415 697 459 Ex
725 413 817 460 hoc
844 430 1006 476 genere
1034 416 1160 475 sunt,
1187 430 1237 464 ut
1256 419 1478 477 diximus,

194 499 399 547 cottana,
431 490 481 534 &
517 486 700 532 caricae:
738 498 930 549 quaeque
970 488 1289 538 conscendenti
1322 492 1480 539 navim

193 560 405 608 adversus
436 559 622 606 Parthos
651 572 787 605 omen
814 558 959 606 fecere
981 561 1045 606 M.
1074 561 1260 622 Crasso,
1295 564 1478 611 venales

190 632 475 697 praedicantis
495 647 635 689 voce,
655 647 867 677 cavnaeae.
909 632 1078 678 Omnia
1097 632 1192 680 haec
1217 633 1264 679 in
1286 635 1479 682 Albense

189 723 266 753 rus
298 723 322 753 e
350 705 481 771 Syria
512 704 667 751 intulit
697 705 746 750 L.
778 704 1017 764 Vitellius,
1048 705 1127 768 qui
1161 706 1318 769 postea
1350 709 1477 754 Cen—

191 781 267 828 sor
299 780 416 838 fuit,
448 796 549 826 cum
576 780 765 841 Legatus
795 777 842 823 in
869 794 919 824 ea
943 778 1188 841 provincia
1223 780 1328 827 effet
1342 817 1359 839 ,
1385 797 1476 828 no-

191 853 380 902 viffimis
400 849 572 901 Tiberii
600 850 786 897 Caesaris
802 851 1100 913 temporibus.

255 926 404 971 XXII.
429 923 659 969 Malorum
689 921 986 984 pirorumque
1005 921 1157 984 generi
1175 922 1476 970 adnumeren-

190 1009 262 1044 tur
288 995 384 1058 jure
413 994 595 1056 mespila
615 1004 748 1056 atque
774 991 916 1039 sorba.
951 992 1149 1056 Mespilis
1179 996 1263 1042 tria
1290 1013 1476 1059 genera,

187 1069 442 1126 anffiedon,
477 1066 663 1113 setania:
706 1065 888 1112 tertium
925 1066 1192 1129 degenerat,
1228 1069 1477 1116 anthedoni

187 1154 338 1189 tamen
375 1139 590 1197 fimilius,
617 1138 745 1201 quod
785 1137 1014 1185 Gallicum
1053 1152 1240 1188 vocant.
1287 1143 1475 1189 Setaniae

187 1213 330 1276 majus
345 1229 534 1278 pomum
551 1247 565 1268 ,
585 1210 931 1272 candidiusque,
955 1211 1074 1257 acini
1090 1213 1304 1260 molliore
1324 1215 1474 1278 ligno:

191 1287 350 1334 ceteris
386 1286 533 1331 minus
564 1299 778 1346 pomum,
809 1282 883 1328 sed
910 1284 1055 1329 odore
1086 1286 1360 1347 praestantius
1379 1324 1393 1345 ,
1422 1291 1477 1336 &

184 1351 316 1434 >quod
346 1358 510 1406 diutius
538 1356 750 1403 servetur.
796 1357 948 1402 Arbor
980 1356 1069 1419 ipsa
1102 1359 1155 1405 de
1184 1360 1474 1423 amplissimis.

187 1430 340 1494 Folia,
361 1444 597 1496 antequam
616 1430 848 1489 decidant,
868 1430 1138 1479 rubescunt:
1161 1435 1342 1480 radices
1349 1435 1472 1481 muh-

186 1521 246 1555 tae
280 1520 413 1571 atque
443 1506 574 1563 altae,
603 1506 653 1551 δε
692 1503 797 1549 ideo
834 1467 1203 1579 inexstirpabiles.
1235 1508 1347 1554 Non
1383 1507 1471 1554 fuit

186 1582 284 1628 haec
307 1578 483 1627 arbor
472 1596 519 1624 m
542 1577 665 1624 Italia
688 1577 879 1622 Catonis
902 1594 1021 1624 aevo

249 1654 416 1701 XXIII.
446 1650 601 1697 Sorbis
633 1649 915 1713 quadruplex
938 1650 1195 1699 differentia.
1214 1653 1326 1700 Aliis
1346 1652 1472 1701 enim.

183 1744 344 1775 eorum
373 1725 627 1773 rotunditas
658 1723 788 1781 mali,
813 1723 908 1770 aliis
941 1724 1194 1772 turbinatio
1221 1724 1338 1789 piri,
1369 1727 1469 1774 aliis

185 1812 324 1847 ovata
347 1798 511 1863 species
526 1834 540 1857 ,
560 1814 642 1844 ceu
660 1796 884 1842 malorum
911 1796 1162 1860 aliquibus:
1190 1799 1288 1846 haec
1309 1800 1466 1846 obno-

183 1875 260 1922 xia
283 1873 422 1921 acori.
454 1872 612 1918 Odore
642 1872 692 1917 &
711 1870 927 1917 suavitate
956 1872 1150 1919 rotunda
1174 1874 1464 1936 praecellunt:

183 1948 342 1995 ceteris
364 1945 462 1993 vini
492 1945 644 2008 sapor:
676 1944 1026 2008 generosissima,
1047 1946 1212 2009 quibus
1239 1949 1362 1995 *circa
1381 1966 1463 2011 pe-

183 2019 359 2067 diculos
387 2033 539 2066 tenera
562 2019 685 2065 folia.
715 2020 938 2079 Quartum
959 2035 1096 2082 genus
1115 2020 1359 2067 torminale
1381 2040 1465 2085 ap-

183 2093 375 2157 pellant,
395 2093 595 2140 remedio
624 2104 796 2139 tantum
824 2091 1086 2155 probabile,
1112 2092 1330 2140 affiduum
1349 2112 1463 2158 pro*-

183 2172 326 2213 ventu
337 2167 697 2229 ,minimumque
714 2181 883 2228 pomo,
902 2164 1063 2211 arbore
1086 2164 1318 2225 diffimile,
1339 2166 1468 2216 foliis,

183 2257 311 2304 paene
345 2242 526 2305 platani.
563 2243 673 2289 Non
702 2241 852 2287 ferunt
878 2251 981 2286 ante
1009 2240 1238 2287 trimatum
1275 2257 1330 2286 ex
1362 2241 1463 2288 ullo

180 2330 358 2377 genere.
383 2316 499 2362 Cato
525 2316 575 2362 &
606 2314 737 2362 sorba
766 2314 905 2362 condi
928 2313 1026 2376 sapa
1054 2313 1202 2360 tradit.

249 2388 425 2433 XXIV.
473 2387 542 2434 Ab
572 2387 640 2434 his
673 2387 839 2435 locum
864 2385 1156 2449 amplitudine
1190 2385 1465 2434 vindicavea·

179 2469 292 2506 runt
310 2493 324 2516 ‚
352 2475 452 2522 quae
496 2459 655 2506 ceffere
698 2458 987 2515 auctoritati,
1021 2473 1155 2505 nuces
1182 2455 1422 2522 ,juglandes
1442 2474 1462 2503 ,κ

246 2533 294 2589 C.
327 2533 444 2580 Plin.
474 2536 571 2582 Vol.
602 2533 689 2581 III.
949 2531 977 2556 ⁴⁹
1174 2532 1211 2576 E
