1653 2797
267 175 332 239 36
520 172 888 220 CPMNH
935 172 1305 220 securim

266 283 381 331 ficos
400 280 555 345 utique
580 281 640 328 -&
669 279 919 344 caprificos.
953 280 1108 328 Doliis
1141 280 1275 328 etiam
1306 279 1543 328 intervalla

266 355 391 413 dari,
427 371 485 400 ne
520 353 636 400 inter
670 352 756 400 sese
784 352 898 400 vitia
917 351 1093 415 serpant
1110 389 1125 412 ,
1150 352 1425 417 contagione
1444 353 1544 401 vini

264 426 440 491 semper
457 423 668 472 ociffima.
697 425 824 486 Quin
846 426 897 472 &
913 423 1076 488 figuras
1095 425 1272 474 referre.
1288 425 1545 473 Ventruosa

257 517 320 548 ac
353 499 505 563 patula
531 499 681 545 minus
714 497 853 544 utilia.
883 497 1026 544 Picari
1053 513 1268 561 oportere
1295 499 1502 562 protinus
1519 515 1546 545 a

258 572 406 621 ‘Canis
424 584 529 619 ortu
547 607 560 629 ‚
580 570 732 634 postea
751 569 964 632 perfundi
990 570 1163 618 marina
1183 589 1298 635 aqua
1315 583 1390 618 aut
1410 570 1514 618 salsa
1529 586 1544 617 t

264 647 371 694 dein
397 646 547 692 cinere
576 643 782 690 sarmenti
818 643 1018 708 aspergi,
1052 645 1127 692 vel
1160 645 1338 709 argilla,
1359 643 1545 692 abstersa

261 717 455 783 myrrha
474 716 637 774 suffiri,
655 714 851 778 ipsasque
871 715 1028 778 saepius
1052 716 1196 764 cellas.
1218 716 1446 764 Imbecilla
1464 717 1541 764 vi·-

262 812 323 841 na
357 791 545 840 demiffis
577 790 624 836 in
659 802 823 835 terram
850 788 983 837 doliis
1017 790 1264 846 servanda,
1284 790 1435 837 valida
1459 807 1542 837 ex—

264 865 431 930 positis.
458 865 704 925 Nunquam
725 861 950 924 implenda
972 880 982 908 :
1017 865 1066 909 &
1084 862 1212 925 quod
1227 862 1431 925 superfit,
1447 863 1544 926 pas·

260 939 314 986 so
333 950 411 984 aut
427 934 607 982 defruto
628 936 970 998 perungendum
986 972 1001 994 ‚
1021 936 1224 982 admixto
1246 953 1388 984 croco
1407 973 1421 995 ‚
1442 936 1544 999 pice

263 1011 409 1058 veteri
428 1045 442 1065 .‚
462 1025 566 1055 cum
587 1006 687 1069 sapa
702 1025 717 1054 -:
749 1006 809 1054 fic
826 1008 1042 1070 opercula
1062 1008 1291 1055 doliorum
1311 1009 1542 1056 medican-

258 1085 318 1131 da
333 1119 346 1142 ,
381 1081 528 1129 addita
545 1080 758 1127 mastiche
780 1098 830 1127 ac
849 1082 963 1143 pice.
990 1083 1150 1128 Bruma
1171 1082 1335 1145 aperiri
1355 1093 1541 1140 vetant,

263 1156 346 1203 nisi
381 1155 537 1201 sereno
558 1154 641 1199 die.
675 1156 840 1200 vetant
866 1152 1033 1198 Austro
1053 1151 1189 1199 flante
1203 1189 1218 1211 ,
1236 1155 1426 1201 Lunave
1447 1152 1542 1216 ple*

263 1247 336 1276 na.
374 1228 476 1274 Flos
497 1226 596 1274 vini
616 1226 830 1272 candidus
851 1227 1068 1288 probatur
1088 1243 1099 1272 :
1128 1226 1291 1272 rubens
1312 1224 1434 1272 triste
1453 1225 1542 1289 fig-

262 1321 374 1350 num
395 1303 454 1348 cst
469 1338 482 1360 ,
502 1301 535 1347 fi
564 1316 660 1346 non
682 1300 717 1346 is
741 1299 839 1346 vini
869 1299 997 1346 colos
1021 1300 1085 1346 sit.
1118 1301 1227 1346 Item
1248 1300 1353 1346 vasa
1371 1298 1541 1348 incale-

261 1375 428 1423 scentia
441 1410 454 1433 ,
469 1371 748 1436 operculave
765 1371 980 1418 sudantia.
1014 1373 1157 1433 Quod
1182 1373 1386 1422 celeriter
1403 1373 1539 1419 flore·

260 1465 310 1495 re
337 1446 527 1509 coeperit
544 1481 558 1503 ,
596 1446 878 1507 odoremque
902 1446 1105 1503 trahere,
1142 1462 1238 1491 non
1272 1444 1371 1492 fore
1401 1444 1541 1491 diuti-

263 1539 386 1568 num.
408 1519 503 1583 Ipsa
522 1536 710 1583 quoque
731 1517 908 1564 defruta
926 1536 976 1565 ac
997 1518 1118 1581 sapas
1135 1554 1150 1576 ‚
1171 1536 1275 1566 cum
1302 1519 1358 1583 *fit
1378 1519 1538 1566 caelum

261 1594 353 1640 fine
369 1595 496 1639 Luna
518 1627 531 1649 ⁵
563 1593 652 1637 hoc
671 1590 732 1636 est
750 1625 764 1648 ‚
799 1592 846 1636 in
876 1590 1028 1637 fideris
1064 1589 1159 1652 ejus
1195 1591 1352 1649 coitu,
1390 1608 1541 1655 neque

260 1668 353 1715 alio
384 1667 455 1712 die
487 1666 623 1728 coqui
663 1663 843 1725 jubent:
883 1674 1096 1725 praeterea
1130 1662 1353 1725 plumbeis
1392 1665 1505 1710 vafis
1519 1700 1538 1723 ,
1595 1660 1597 1664 ’

260 1756 358 1786 non
376 1738 519 1795 aereis,
535 1735 815 1798 nucibusque
829 1734 1116 1799 iuglandibus
1129 1735 1308 1784 additis:
1328 1752 1398 1783 eas
1417 1737 1538 1783 enim

260 1813 433 1859 fumum
474 1811 694 1872 excipere.
737 1808 997 1871 Campaniae
1031 1807 1300 1854 nobiliffima
1336 1809 1541 1872 exposita

261 1887 340 1934 sub
367 1886 444 1932 dio
466 1885 512 1930 in
533 1884 651 1930 cadis
670 1882 900 1930 verberari
917 1882 1019 1929 Sole
1033 1917 1048 1941 ‚
1066 1884 1214 1942 Luna,
1233 1882 1374 1929 imbre
1387 1918 1402 1943 ‚
1421 1900 1537 1932 ven-.-
1588 1910 1593 1917 ·

259 1962 339 2019 tis,
361 1961 625 2023 aptissimum
645 1959 837 2005 videtur.
1538 1971 1544 1974 ·

326 2036 538 2082 XXVIII.
568 2035 633 2079 Ac
653 2032 683 2078 fi
705 2033 803 2096 quis
822 2030 1078 2096 diligentius
1096 2043 1276 2093 reputet
1292 2067 1305 2090 ‚
1332 2031 1381 2077 in
1414 2031 1544 2079 nulla

260 2119 386 2172 parte
407 2107 644 2169 operosior
677 2106 772 2153 vita
791 2105 877 2164 est,
910 2122 992 2152 ceu
1012 2121 1106 2151 non
1126 2103 1461 2151 saluberrimum
1481 2104 1536 2151 ad

261 2191 420 2243 potum
439 2195 565 2241 aquae
593 2178 816 2240 liquorem
837 2189 993 2223 natura
1026 2177 1223 2236 dederit,
1259 2193 1352 2240 quo
1389 2189 1535 2225 cetera

262 2252 418 2299 omnia
443 2251 685 2298 animantia
711 2264 910 2297 utuntur.
944 2252 1002 2296 At
1022 2267 1106 2296 nos
1129 2252 1288 2301 vinum
1313 2251 1462 2297 bibere
1483 2252 1535 2298 &

261 2326 463 2389 jumenta
481 2325 707 2388 cogimus:
728 2337 947 2386 tantoque
968 2340 1106 2386 opere
1121 2361 1135 2382 ,
1155 2336 1283 2371 tanto
1311 2323 1464 2370 labore
1484 2325 1534 2372 &

264 2398 494 2460 impendio
534 2395 706 2443 constat
723 2432 737 2454 ‚
774 2396 897 2459 quod
934 2396 1142 2443 homines
1176 2408 1324 2443 mente
1356 2408 1496 2442 mutet
1518 2433 1532 2455 ‚

264 2488 315 2519 ac
334 2470 532 2518 furorem
555 2469 704 2534 gignat
720 2505 738 2528 ,
759 2467 957 2517 millibus
985 2469 1202 2519 scelerum
1224 2469 1327 2518 huic
1350 2469 1534 2516 deditis:
