1653 2797
246 212 1264 263 NATUR.HISTOR.L1B.XV111.
1345 226 1432 278 245

152 336 291 386 pane,
310 323 470 370 vixiss'e
490 322 633 384 longo
654 331 862 381 tempore
879 322 1113 370 Romanos
1134 321 1438 380 manifestum,

155 395 372 458 quoniam
400 395 504 442 inde
538 394 588 439 ὃ(
624 391 922 454 pulmentaria
957 393 1182 458 hodieque
1211 395 1439 442 dicuntur.

152 469 208 514 Et
226 468 397 515 Ennius
420 464 745 529 antiquissimus
763 478 890 513 vates
912 466 1158 514 obsidionis
1181 468 1343 515 famem
1362 484 1441 514 ex-

152 540 378 603 primens,
406 538 545 586 offam
575 536 782 600 eripuiffe
809 539 1092 602 plorantibus
1113 540 1264 587 liberis
1295 551 1441 604 patres

151 621 494 663 commemorat.
525 615 581 660 Et
615 614 752 661 hodie
785 614 903 662 sacra
938 615 1108 678 prisca,
1144 628 1276 678 atque
1315 627 1440 661 nata-

153 688 293 746 lium,
328 688 451 751 pulte
484 685 640 734 fritilla
672 686 1015 735 conficiuntur:
1048 687 1318 751 videturque
1351 699 1442 734 tam

152 761 254 824 puls
290 760 447 824 ignota
475 758 667 805 Graeciae
699 757 824 805 fuiffe
842 794 856 817 ,
885 775 1020 821 quam
1049 758 1185 805 ltaliae
1213 758 1410 820 polenta.

210 835 334 881 XX.
378 851 413 880 1.
442 830 806 881 Tritici‘semine
836 832 1011 879 avidius
1044 831 1218 878 nullum
1251 829 1339 887 est,
1360 846 1444 876 nec

151 906 281 970 quod
311 905 410 968 plus
442 904 646 951 alimenti
673 904 831 951 trahat.
856 903 1092 968 Siliginem
1113 903 1298 966 proprie
1322 903 1446 949 dixe-

155 979 241 1025 rim
268 977 408 1026 tritici
443 976 654 1024 delicias:
698 978 871 1024 candor
905 976 998 1035 est,
1033 978 1083 1024 &
1116 977 1206 1023 sine
1242 977 1445 1035 virtute,

153 1054 206 1100 &
243 1051 335 1098 fine
379 1049 612 1113 pondere,
644 1050 930 1097 conveniens
965 1048 1164 1097 humidis
1197 1049 1410 1096 traffibus
1430 1084 1446 1108 ,

157 1123 310 1189 quales
331 1123 469 1170 Italiae
490 1122 591 1170 sunt
605 1159 620 1180 ,
642 1125 692 1170 &
717 1122 881 1169 Galliae
897 1124 1116 1170 Comatae.
1148 1123 1233 1169 Sed
1254 1123 1304 1170 δε
1326 1134 1446 1168 trans

145 1198 293 1261 Alpes
319 1197 367 1243 in
385 1196 688 1259 Allobrogum
707 1206 884 1242 tantum
900 1195 1298 1260 Meminorumque
1336 1211 1444 1258 agro

132 1294 133 1297 ¹
157 1271 393 1335 pertinax:
428 1269 476 1315 in
503 1269 665 1316 ceteris
699 1268 763 1314 ibi
792 1269 994 1332 partibus
1021 1269 1208 1316 biennio
1241 1270 1289 1316 in
1325 1269 1447 1316 triti-

160 1361 265 1392 cum
283 1343 451 1390 transit.
481 1343 770 1402 Remedium,
796 1354 845 1389 ut
865 1343 1119 1406 graviffima
1140 1361 1331 1408 quaeque
1350 1361 1449 1407 gra-

159 1433 215 1463 na
252 1415 344 1478 ejus
377 1415 593 1463 serantur.
628 1417 665 1462 E
697 1414 867 1478 siligine
902 1415 1161 1462 lautiffimus
1182 1416 1340 1478 panis,
1375 1416 1447 1479 pi-

158 1489 485 1551 strinarumque
517 1504 656 1551 opera
688 1487 992 1534 laudatiffima.
1028 1488 1249 1534 Praecellit
1281 1489 1328 1535 in
1361 1491 1448 1536 Ita-

161 1562 219 1609 lia
238 1597 252 1619 ,
271 1561 302 1607 fi
326 1562 553 1624 Campana
580 1561 686 1607 Pifis
721 1573 837 1607 natae
873 1560 1122 1608 misceatur.
1155 1560 1318 1608 Rufior
1344 1562 1419 1609 illa
1435 1598 1449 1621 ,

144 1646 206 1685 ,at
235 1633 386 1680 Pisana
407 1634 675 1693 candidior,
704 1634 1097 1698 ponderosiorque
1131 1646 1344 1684 cretacea.
1375 1637 1451 1683 Ju-

162 1706 276 1754 stum
305 1705 366 1753 est
391 1722 415 1752 e
447 1722 589 1770 grano
621 1708 896 1769 Campanae,
925 1724 1062 1771 quam
1093 1718 1268 1754 vocant
1295 1708 1450 1755 castra-

162 1791 283 1838 tam,
322 1795 346 1824 e
376 1777 535 1824 modio
570 1777 717 1825 redire
751 1777 970 1825 sextarios
1001 1789 1203 1843 quatuor
1233 1779 1417 1845 siliginis
1435 1817 1451 1840 ‚

143 1851 243 1900 -vel
276 1867 300 1897 e
334 1850 499 1913 gregali
545 1849 637 1897 fine
671 1850 911 1897 castratura
952 1850 1166 1898 sextarios
1212 1853 1452 1917 quinque,

164 1933 380 1986 praeterea
406 1921 533 1968 floris
557 1921 821 1969 semodium.
858 1925 915 1969 Et
939 1922 1120 1980 cibarii,
1145 1925 1272 1985 quod
1291 1924 1447 1972 secun-

166 1995 340 2043 darium
372 2007 573 2053 vocant,
599 1995 815 2044 sextarios
847 2011 1075 2060 quatuor:
1108 1995 1292 2046 fil-rfuris
1310 1997 1452 2046 sexta-

167 2070 261 2116 rios
279 2067 484 2115 totidem.
505 2070 541 2115 E
553 2067 705 2115 Pisana
722 2082 872 2116 autem·
888 2070 1072 2134 siliginis
1092 2070 1305 2118 sextarios
1322 2071 1456 2135 quin·

168 2158 285 2206 que:
315 2153 460 2188 cetera
490 2143 612 2206 paria
631 2141 747 2190 sunt*⁸
780 2142 963 2192 Clusina
986 2145 1262 2209 Aretinaque
1295 2145 1454 2192 etiam·

172 2232 278 2262 num
310 2214 521 2263 sextarios
544 2215 726 2281 siliginis
750 2216 1001 2265 assumunt:
1027 2218 1074 2266 in
1102 2217 1288 2281 reliquis
1312 2234 1455 2281 pares.

173 2291 219 2336 Si
251 2305 367 2334 vero
399 2288 620 2351 pollinem
658 2289 804 2338 facere
849 2291 1015 2350 libeat,
1047 2303 1142 2339 XVI
1182 2292 1342 2355 pondo
1372 2308 1456 2354 pau

147 2408 149 2410 .
170 2363 239 2410 nis
266 2362 454 2410 redeunt
470 2398 487 2420 ,
505 2365 556 2410 δε
573 2363 728 2411 cibarii
746 2365 829 2412 tria
843 2402 856 2423 ,
883 2364 1197 2429 furfurumque
1217 2362 1455 2410 semodius.

147 2468 157 2472 -
173 2436 314 2483 Molee
334 2434 586 2483 discrimine
613 2437 704 2485 hoc
734 2439 922 2487 constat.
957 2440 1075 2486 Nam
1099 2456 1201 2503 quae
1220 2437 1332 2484 sicca
1352 2454 1456 2484 mo-

180 2509 363 2570 luntur,
381 2507 484 2573 plus
510 2506 666 2569 farinae
693 2511 888 2560 reddunt
910 2530 920 2558 ;
950 2529 1051 2576 quae
1079 2509 1179 2558 salsa
1202 2526 1317 2574 aqua
1344 2509 1464 2574 spar-

1127 2583 1173 2642 Q
1202 2597 1222 2641 3
