1653 2797
237 244 527 295 NATUR.
566 244 859 293 HISTOR.
896 248 1030 294 LIB.
1068 247 1249 294 XVII.
1337 248 1421 310 163

140 373 264 403 mum
297 355 454 403 deinde
479 370 710 417 caprarum
740 353 831 411 est,
857 353 911 399 ab
940 354 1032 402 hoc
1065 355 1226 403 ovium
1249 392 1263 414 ‚
1293 355 1424 404 dein-

140 429 194 476 de
243 429 412 486 boum,
448 427 743 473 noviffimum
787 425 1113 490 jumentorum.
1177 431 1259 477 Hae
1300 429 1426 478 fuere

141 499 259 563 apud
288 497 457 561 priscos
494 496 784 555 differentiae,
824 497 1043 561 simulque
1092 513 1314 563 praecepta
1346 501 1427 566 (ut

141 569 356 635 invenio)
378 588 426 617 re
449 570 527 617 tali
547 571 732 632 utendi,
753 573 934 634 quando
957 575 1006 620 &
1028 572 1103 620 hic
1124 574 1316 621 vetustas
1335 576 1426 622 uti-

142 645 253 691 lior:
282 642 520 708 visumque
555 643 645 706 jam
679 644 740 691 est
768 645 888 707 apud
913 645 1130 708 quosdam
1158 648 1427 710 provincia-

141 718 284 775 lium,
321 718 369 764 in
403 729 578 764 tantum
611 719 863 766 abundante
901 719 1065 784 geniali
1110 720 1244 783 copia
1288 738 1428 783 pecu-

141 792 276 850 dum,
310 789 465 838 farinae
498 792 602 839 vice
631 792 788 839 cribris
824 791 1110 856 snperinjici,
1145 792 1313 840 foetore
1347 795 1428 840 ad·-

141 863 410 928 spefihique,
447 864 663 927 temporis
703 864 906 922 viribus,
946 865 992 910 in
1027 867 1252 929 quandam
1293 866 1430 913 etiam

140 938 326 1002 gratiam
361 950 550 985 mutato.
591 939 747 1000 Nuper
783 951 1038 1001 repertum,
1077 938 1199 986 oleas
1233 939 1427 1003 gaudere

141 1010 335 1057 maxime
364 1011 514 1057 cinere
546 1027 569 1056 e
596 1010 791 1058 calcariis
820 1009 1100 1059 fornacibusi

208 1087 358 1130 Varro
392 1081 631 1146 praeceptis
672 1083 857 1146 adjicit,
885 1085 1084 1148 equino,
1119 1084 1244 1149 quod
1278 1084 1330 1132 fit
1364 1086 1432 1134 le·-

142 1157 372 1207 viffimum
389 1194 404 1217 ,
430 1157 593 1222 segetes
629 1159 807 1206 alendas
831 1177 842 1206 ε
880 1172 1006 1223 prata
1037 1175 1152 1207 vero
1186 1159 1398 1224 graviore
1416 1195 1432 1219 ‚

144 1233 195 1279 &
225 1230 351 1294 quod
381 1248 437 1277 ex
468 1232 646 1279 hordeo
673 1230 775 1289 fiat,
802 1231 1047 1295 multasque
1078 1231 1230 1296 gignat
1261 1232 1434 1280 herbas.

145 1306 345 1368 Quidam
391 1307 524 1354 etiam
570 1305 743 1352 bubulo
793 1303 1103 1368 jumentorum
1150 1305 1398 1368 praeferunt
1416 1341 1432 1364 ,

144 1379 429 1443 ovillumque
450 1379 637 1442 caprino
650 1415 663 1436 ,
683 1379 895 1426 omnibus
916 1396 1030 1426 vero
1050 1378 1293 1436 asininum,
1312 1396 1433 1442 quo-

145 1452 266 1498 niam
292 1451 525 1498 lentiffime
550 1451 781 1499 mandunt.
812 1454 848 1498 E
875 1452 1108 1500 contrario
1136 1451 1235 1498 usus
1266 1453 1431 1499 adver-

143 1522 211 1569 sus
237 1534 476 1586 utrumque
494 1522 780 1586 pronuntiat.
814 1524 933 1568 Inter
959 1538 1117 1569 omnes
1146 1535 1294 1570 autem
1315 1539 1431 1570 con-

143 1596 226 1644 stat
254 1597 368 1643 nihil
393 1597 476 1643 effe
505 1596 654 1644 utilius
685 1595 828 1659 lupini
857 1595 1000 1660 segete
1017 1632 1030 1654 ,
1056 1595 1315 1660 priusquam
1345 1597 1433 1643 fili-

144 1683 338 1735 quetur,
365 1684 514 1718 aratro
548 1671 627 1719 vel
660 1670 915 1718 bidentibus
947 1670 1434 1734 versa,·manipulisve

144 1744 349 1803 desestae,
375 1744 495 1791 circa
521 1744 691 1791 radices
719 1744 934 1792 arborum
961 1761 1012 1791 ac
1045 1743 1212 1791 vitium
1240 1743 1436 1792 obrutis.

144 1820 291 1867 Etiam
322 1817 402 1865 ubi
436 1834 529 1865 non
567 1818 619 1865 fit
658 1835 818 1881 pecus,
849 1819 1000 1866 culmo
1033 1818 1161 1883 ipso,
1187 1818 1265 1867 vel
1298 1820 1434 1871 etiam

144 1892 291 1952 filice,
323 1891 563 1940 stercorare
595 1893 882 1940 arbitrantur,

209 1969 326 2015 Cato
347 1987 361 2016 -ε
396 1969 571 2016 Stercus
606 1969 724 2016 unde
762 1968 865 2027 fiat,
898 1967 1162 2025 stramenta,
1191 1965 1435 2031 lupinum,

146 2041 323 2105 paleas,
350 2040 511 2088 fabalia
528 2077 542 2099 ,
563 2058 614 2088 ac
643 2038 827 2106 frondes
853 2040 1010 2105 ilignas
1030 2077 1044 2099 ,
1070 2040 1357 2104 quernasque.
1399 2042 1436 2088 E

148 2114 293 2179 segete
318 2112 506 2160 evellito
534 2113 717 2160 ebulum
734 2149 747 2172 ,
771 2114 962 2161 cicutam
978 2149 992 2172 ,
1012 2114 1064 2159 δε
1090 2111 1263 2159 circum
1287 2111 1434 2158 salicia

148 2185 332 2232 herbam
363 2186 562 2244 auc‘tam,
583 2185 860 2248 ulvamque:
899 2202 993 2232 eam
1022 2183 1289 2231 substernito
1323 2183 1432 2230 ovi-

146 2258 257 2315 bus,
292 2257 586 2321 frondemque
621 2258 837 2321 putidam.
873 2259 1020 2304 Vinea
1050 2257 1082 2303 fi
1119 2273 1269 2303 macra
1312 2256 1428 2316 erit,

149 2330 366 2378 sarmenta
390 2329 463 2376 sua
491 2330 780 2390 comburito,
804 2333 855 2380 &
879 2331 1044 2378 ibidem
1073 2329 1265 2376 inarato.
1303 2330 1436 2376 Item·

147 2422 236 2469 que
256 2405 334 2452 ubi
354 2403 523 2451 {liturus
541 2404 625 2450 eris
643 2403 919 2451 frumentum
934 2439 948 2462 ,
967 2420 1081 2450 oves
1099 2402 1162 2448 ibi
1180 2402 1414 2450 deleuato.

215 2482 311 2526 Vll.
337 2479 434 2527 Nec
464 2494 559 2524 non
585 2480 635 2526 &
661 2477 760 2525 satis
785 2477 1047 2542 quibusdam
1076 2474 1178 2539 ipfis
1204 2473 1322 2538 pasci
1343 2486 1435 2522 ter-

146 2568 243 2601 ram
278 2550 402 2602 dicit.
451 2551 654 2615 Segetem
691 2549 937 2601 stercorant
975 2547 1155 2612 fruges:
1193 2547 1433 2614 lupinum,

1064 2623 1099 2666 L
1132 2637 1156 2666 2.
