1653 2797
276 170 558 222 NATUR.
591 174 910 221 HISTOR.
943 175 1066 221 LIB.
1104 174 1226 223 XX.
1307 189 1399 238 377

127 273 370 342 ducatum.
400 285 456 331 ad
474 284 839 348 lagonoponon:
869 300 1028 347 aquam
1056 283 1179 332 foliis
1206 282 1298 346 ejus
1320 283 1400 330 <le-

128 361 265 409 coffis
292 360 467 417 bibere,
500 356 576 404 vel
595 356 773 404 succum
795 357 928 420 ipsius
958 359 1130 423 cyathis
1154 359 1270 406 binis
1290 376 1402 406 con-

128 446 194 480 tra
229 429 517 495 phthiriases:
560 427 847 493 phlegmonae
883 429 1000 492 ipsos
1037 431 1210 478 illinere
1244 430 1401 489 rufos,

125 505 268 553 livori
297 520 412 551 vero
442 502 613 550 recenti
637 502 854 549 corticem
880 519 984 549 cum
1003 504 1156 551 melle:
1189 519 1404 552 veterno-

125 579 180 625 fis
209 589 356 624 aurem
377 591 509 638 quam
529 573 771 622 acerrimos
800 573 1033 621 mandere:
1069 575 1304 640 semenque
1325 590 1402 624 to-

126 650 238 696 stum
253 683 267 706 ‚
285 647 388 694 dein
409 646 658 693 contritum
685 662 786 692 cum
805 645 962 704 melle,
986 646 1240 709 suspiriosis.
1265 649 1404 696 Iidem

125 724 176 770 &
192 733 349 769 contra
373 737 548 767 venena
568 719 770 782 prosunt.
801 719 991 766 Cerastis
1016 722 1066 767 &
1088 713 1406 783 scorpionibus

125 794 411 843 adversatur:
445 795 522 841 vel
546 793 672 857 ipso,
705 792 782 839 vel
805 792 969 839 semine
997 792 1169 840 infeclis
1198 793 1404 841 manibus

127 868 308 931 impune
327 867 557 914 trauabis:
587 865 891 930 impositoque
909 866 1110 929 raphano
1140 866 1404 931 scorpiones

126 939 398 987 moriuntur.
427 939 647 986 Salutares
666 941 716 986 δι’.
736 951 895 986 contra
916 938 1162 1004 fungorum
1185 953 1261 988 aut
1282 941 1404 1005 hyo-

126 1012 300 1077 scyami
327 1028 503 1060 venena
532 1028 657 1076 aeque
674 1047 688 1070 ‚
709 1023 758 1058 ut
784 1012 1011 1059 Nicander
1036 1014 1182 1063 tradit.
1213 1016 1269 1060 Et
1294 1031 1405 1061 con-

126 1098 192 1132 tra
223 1085 400 1132 viscum
433 1102 618 1151 quoque
652 1085 744 1132 dari
774 1084 1052 1148 Apollodori
1093 1085 1184 1132 duo
1217 1085 1404 1148 jubent:

127 1156 201 1204 sed
231 1157 403 1204 Citieus
424 1155 571 1203 semen
600 1174 657 1203 ex
683 1173 798 1220 aqua
818 1156 996 1216 tritum,
1015 1157 1284 1205 Tarentinus
1304 1158 1404 1205 suc-

128 1248 244 1278 cum.
278 1231 462 1278 Lienem
481 1230 588 1276 item
607 1240 849 1277 extenuant
869 1248 880 1276 :
910 1228 1103 1292 ¹iocineri
1121 1230 1335 1295 prosunt,
1354 1234 1405 1280 &

126 1294 387 1351 lumborum
410 1303 659 1351 doloribus.
688 1303 966 1367 Hydropicis
994 1320 1177 1368 quoque
1202 1321 1258 1351 ex
1275 1317 1405 1352 aceto

126 1386 202 1420 aut
220 1374 357 1437 finapi
379 1373 539 1432 sumti,
570 1374 621 1421 δε
644 1373 907 1438 lethargicis.
942 1375 1211 1439 Praxagoras
1230 1379 1278 1424 &
1296 1376 1405 1422 ilio-

126 1447 180 1492 {is
210 1447 380 1495 dandos
410 1448 584 1495 censet:
617 1447 882 1495 Plistonicus
911 1449 961 1495 δέ
980 1450 1195 1497 coeliacis.
1231 1450 1405 1497 Intesti-

128 1536 292 1567 norum
310 1520 489 1569 hulcera
511 1520 680 1570 sanant:
703 1537 754 1568 ae
774 1520 1009 1584 purulenta
1028 1524 1405 1586 praecordiorum,

127 1594 158 1640 s1
187 1611 289 1641 cum
319 1594 450 1641 melle
470 1595 671 1642 edantur.
691 1594 890 1653 Quidam
916 1594 972 1640 ad
990 1595 1086 1641 haec
1111 1612 1306 1659 coquere
1326 1613 1407 1642 eos

127 1665 175 1711 in
205 1665 300 1712 luto
332 1665 532 1712 malunt}
563 1664 623 1711 fic
651 1666 701 1712 &
728 1664 914 1711 feminas
946 1667 1138 1729 purgari.
1173 1669 1243 1713 Ex
1273 1681 1405 1715 aceto

127 1740 178 1785 &
206 1737 335 1784 melle
364 1737 528 1796 sumti,
565 1736 878 1784 intestinorum
911 1739 1117 1785 animalia
1154 1739 1403 1787 detrahunt.

129 1814 236 1857 Item
262 1812 318 1858 ad
337 1812 488 1858 tertias
509 1811 699 1858 deco&o
719 1827 882 1859 eorum
899 1822 1013 1874 poto
1035 1829 1139 1859 cum
1153 1813 1282 1859 vino.
1316 1816 1407 1859 En·-

128 1884 336 1930 terocelis
370 1883 586 1946 prosunt:
617 1883 876 1948 sanguinem
907 1900 1089 1948 quoque
1119 1885 1324 1932 inutilem
1344 1886 1405 1933 fic

130 1953 386 2001 extrahunt.
421 1953 601 2001 Medius
619 1955 674 2000 ad
700 1955 797 2002 haec
823 1956 873 2003 &
891 1953 1146 2019 sanguinem
1168 1957 1404 2004 exscrean-

129 2027 246 2077 tibus
277 2028 432 2074 coelos
462 2027 557 2074 dari
577 2027 731 2090 jubet:
762 2031 812 2076 &
831 2030 1060 2092 puerperis
1089 2030 1145 2076 ad
1172 2031 1292 2077 lac‘tis
1320 2048 1403 2077 co«

129 2102 249 2164 piam
274 2102 534 2165 augendam.
571 2102 869 2165 Hippocrates
889 2103 1044 2166 capitis
1065 2104 1304 2151 mulierum
1325 2106 1403 2151 de-‹

128 2173 271 2220 fluvia
290 2173 442 2221 fricari
459 2174 688 2237 raphanis:
721 2177 772 2222 &
798 2175 925 2238 super
946 2176 1207 2223 umbilicum
1227 2176 1403 2239 imponi

132 2259 290 2294 eontra
320 2259 546 2295 tormenta
577 2249 749 2298 vulv‘ae.
788 2250 1028 2299 Reducunt
1065 2252 1115 2298 &
1149 2251 1404 2298 cicatricem

132 2319 187 2369 ad
212 2319 429 2367 colorem.
469 2322 629 2367 Semen
663 2338 848 2386 quoque
876 2339 930 2369 ex
966 2340 1078 2386 aqua
1111 2324 1402 2386 impositum,

131 2391 239 2439 sistit
264 2392 465 2451 hulcera‚
491 2409 591 2457 quae
619 2394 908 2459 phagedaenas
931 2407 1115 2443 Vocant.
1156 2396 1402 2443 Democri-

133 2477 203 2512 tus
228 2468 449 2513 Venerem
468 2466 557 2514 hoc
592 2466 695 2513 cibo
727 2467 940 2515 stimulari
968 2479 1121 2531 putat:
1159 2468 1221 2516 ob
1237 2468 1284 2515 id
1304 2467 1403 2514 for-
