1653 2797
239 194 326 241 106
501 193 556 240 C.
602 191 858 241 PL-INII
909 192 1281 243 SECUNDI

232 304 315 351 dro
331 338 345 361 ‚
367 302 608 367 aquifoliis.
633 302 846 350 Pediculo
867 303 997 352 brevi
1019 303 1156 363 oleae,
1182 307 1236 353 &
1259 303 1377 353 ilici:
1399 300 1505 352 Ion-

232 392 292 438 go
322 375 513 422 vitibus:
543 374 736 422 tremulo
763 376 975 439 populis,
1003 378 1053 425 &
1083 375 1235 423 iisdem
1256 377 1361 426 solis
1388 378 1504 426 inter

233 450 275 495 se
312 449 587 512 crepitantia.
627 451 721 497 Jam
756 450 877 497 &in
911 466 1053 513 pomo
1086 449 1181 513 ipso
1202 484 1215 508 ‚
1246 451 1354 497 mali
1385 466 1504 515 quo·—

231 523 332 569 dam
365 521 413 568 in
449 539 635 586 genere,
663 539 804 585 parva
835 523 991 569 mediis
1024 523 1218 570 emicant
1250 522 1395 582 folia,
1431 524 1505 569 in*

229 597 360 643 terim
391 598 440 644 &
469 597 655 660 gemina.
692 597 908 642 Praeterea
936 595 1035 643 a1iis
1069 596 1187 644 circa
1211 611 1389 654 ramos,
1409 595 1508 642 aliis

230 672 280 718 &
310 671 357 716 in
389 670 619 717 cacumine
647 685 902 715 ramorum:
940 669 1126 727 robori,
1160 671 1210 717 &
1245 669 1292 715 in
1320 669 1505 715 caudice
1553 712 1556 720 ,

175 776 177 778 -
227 741 339 805 ipso.
371 745 463 791 Jam
494 742 651 800 densa,
682 759 733 788 ac
760 759 882 799 rara,
914 740 1171 805 semperque
1200 742 1288 789 lata
1318 741 1505 788 rariora.

229 815 456 878 Dispofita
489 827 646 878 myrto
665 850 679 872 ‚
713 821 919 860 concava
945 815 1101 872 buxo,
1130 808 1385 860 inordinata
1417 831 1505 876 pc-

225 888 323 934 mis.
345 888 476 934 Plura
496 887 656 933 eodem
684 886 896 948 pediculo
925 886 1135 932 exeuntia
1154 886 1280 933 malis
1298 885 1507 949 pirisque.

227 958 467 1006 Ramulosa
489 957 614 1004 ulmo
629 992 642 1014 ,
663 957 713 1004 &
730 956 893 1021 cytiso,
913 958 1090 1017 Quibus
1112 956 1264 1018 adjicit
1283 958 1402 1004 Cato
1427 957 1507 1003 de—

230 1035 359 1080 cidua
376 1068 389 1090 ‚
411 1031 605 1094 populea
628 1048 887 1095 quernaque
904 1066 917 1088 ,
940 1031 1203 1077 animalibus
1226 1030 1383 1092 jubens
1412 1031 1508 1078 dari

226 1125 324 1155 non
355 1106 582 1170 perarida:
619 1106 761 1152 bubus
796 1106 975 1169 quidem
1007 1107 1058 1153 &
1089 1105 1304 1165 ficulnea,
1343 1106 1508 1170 iligna-

226 1199 339 1246 que,
366 1183 423 1229 δέ
450 1180 671 1226 ederacea.
708 1180 893 1227 Dantur
914 1180 963 1225 &
984 1196 1041 1225 ex
1068 1180 1284 1226 arundine
1303 1216 1317 1238 ,
1338 1197 1388 1226 ac
1409 1179 1508 1226 lau-

226 1273 296 1302 ro.
328 1255 561 1303 Decidunt
587 1253 722 1300 sorbo
752 1251 989 1310 universa,
1013 1252 1169 1299 ceteris
1190 1252 1418 1316 paulatim.
1452 1256 1509 1299 Et

229 1329 283 1375 de
303 1328 426 1376 foliis
449 1329 672 1375 haetenus.

293 1404 511 1449 XXXIX.
534 1401 664 1447 Ordo
688 1410 834 1445 autem
867 1408 1036 1443 naturae
1067 1412 1238 1443 annuus
1266 1397 1327 1443 ita
1354 1396 1394 1443 se
1421 1397 1505 1443 ha·-

229 1476 316 1521 bet.
352 1475 523 1520 Primus
553 1473 613 1519 est
645 1483 921 1533 conceptus,
952 1472 1057 1519 flare
1084 1471 1329 1533 incipiente
1361 1484 1506 1519 vento

228 1547 464 1605 Favonio,
490 1545 666 1592 circiter
686 1544 777 1589 fere
800 1543 972 1590 sextum
1002 1546 1101 1591 Idus
1123 1545 1360 1591 Februarii.
1399 1546 1505 1590 Hoc

227 1622 491 1668 maritantur
520 1617 798 1666 vivescentia
827 1633 851 1663 e
879 1628 1019 1663 terra:
1056 1617 1221 1679 quippe
1250 1629 1352 1662 cum
1374 1616 1508 1662 etiam

230 1711 356 1757 equae
377 1693 424 1738 in
442 1690 675 1754 Hispania,
704 1700 755 1734 ut
781 1688 986 1734 diximus.
1008 1687 1093 1734 Hic
1112 1687 1173 1733 est
1191 1687 1392 1750 genitalis
1414 1686 1504 1749 spi-

231 1766 341 1812 ritus
378 1764 565 1822 mundi,
594 1781 617 1809 a
643 1762 849 1808 fovendo
875 1761 1037 1819 dietus,
1065 1772 1115 1806 ut
1141 1760 1320 1824 quidam
1351 1760 1506 1807 existi-

228 1855 426 1885 mavere.
451 1837 545 1884 Flat
565 1838 621 1883 ab
640 1835 802 1883 occasu
819 1835 1120 1899 aequinoffiali
1135 1870 1148 1893 ‚
1167 1851 1250 1881 ver
1273 1834 1507 1881 inchoans.

231 1911 557 1958 Catulitionem
593 1909 745 1957 rustici
775 1920 971 1967 vocant,
1005 1906 1214 1972 gestiente
1245 1919 1404 1954 natura
1438 1907 1506 1953 se-

230 1984 351 2030 mina
381 1983 605 2045 accipere,
640 1999 784 2046 eoque
817 1983 1008 2029 animam
1042 1980 1261 2028 inferente
1293 1982 1506 2028 omnibus

216 2055 346 2102 satis.
370 2055 650 2117 Concipiunt
676 2056 814 2102 variis
842 2055 994 2101 diebus
1012 2089 1025 2112 ‚
1053 2056 1102 2102 δέ
1121 2070 1206 2116 pro
1226 2052 1299 2100 sua
1316 2071 1507 2117 quaeque

232 2140 400 2174 natura.
433 2127 531 2172 Alia
556 2128 763 2188 protinus
781 2164 794 2185 ‚
826 2138 876 2173 ut
893 2125 1123 2173 animalia:
1144 2126 1309 2172 tardius
1333 2127 1505 2189 aliqua,

214 2203 281 2249 .&
305 2200 469 2247 diutius
500 2201 684 2263 gravida
712 2212 863 2262 partus
900 2212 1088 2265 gerunt:
1125 2201 1250 2264 quod
1283 2201 1504 2264 germina-

232 2273 301 2330 tio
329 2273 432 2319 ideo
457 2284 663 2318 vocatur.
693 2273 873 2318 Pariunt
903 2289 1016 2319 vero
1053 2290 1154 2319 cum
1187 2272 1378 2330 florent,
1399 2271 1506 2318 flos-

231 2361 319 2407 que
347 2345 421 2390 ille
455 2345 597 2407 ruptis
632 2344 803 2390 constat
836 2343 1052 2391 utriculis.
1081 2346 1304 2392 Educatio
1337 2346 1383 2392 in
1414 2360 1504 2406 po-

232 2433 310 2462 mo
342 2416 424 2463 est:
459 2417 571 2474 hoc,
604 2418 652 2463 δέ
681 2415 973 2478 germinatio,
1000 2416 1220 2464 laborum.

300 2491 395 2536 XL.
429 2490 530 2537 Flos
557 2489 616 2536 est
643 2489 764 2553 pleni
797 2490 916 2537 veris
952 2490 1192 2550 indicium,
1218 2491 1268 2538 &
1300 2490 1405 2538 anni
1435 2508 1508 2538 re-
