1653 2797
276 167 560 217 NATUR.
595 167 890 215 HISTOR.
925 170 1048 215 LIE.
1083 168 1273 214 XVII..
1335 164 1435 234 ¹35}

220 291 258 340 ς.
276 280 398 341 Ergo
421 277 504 324 tria
527 288 731 338 tempora
749 275 900 320 eadem
921 275 1258 338 germinationis
1275 308 1289 331 ,
1311 288 1417 329 ver,

150 351 202 397 &
223 352 384 409 Canis,
405 349 667 412 Arcturique
686 359 824 394 ortus.
846 350 1004 411 Neque
1026 350 1143 395 enim
1165 347 1421 396 animalium

150 433 327 470 tantum
365 424 425 469 est
457 423 512 468 ad
547 421 693 468 coitus
728 419 944 478 aviditas,
980 421 1054 467 sed
1098 421 1242 466 multo
1275 418 1421 480 major

152 494 214 540 est
235 506 364 540 terrae
396 510 446 541 ac
477 493 671 539 satorum
700 492 904 539 omnium
926 492 1097 538 libido:
1131 509 1218 554 qua
1249 503 1422 552 tempe-

150 566 263 612 stive
296 566 393 625 uti,
420 566 662 628 plurimum
685 565 862 611 interest
892 577 1152 627 conceptus.
1197 562 1431 609 peculiare.

151 636 308 699 utique
339 637 387 682 in
424 637 589 696 insitis,
621 654 723 683 cum
754 636 806 682 fit
838 648 990 682 mutua
1026 635 1242 698 cupiditas
1278 634 1422 680 utrin-

149 724 240 771 que
264 710 473 756 coeundi.
503 710 597 770 Qui
616 726 699 756 ver
716 709 938 772 probant,
959 710 1013 755 ab
1046 707 1319 772 aequinoffio
1343 706 1424 752 sta-

147 779 230 826 tim
243 782 504 840 admittunt,
522 783 813 845 praedicantes
837 783 1034 845 germina
1050 780 1267 844 parturire
1281 815 1294 836 ,
1316 771 1420 823 ideo

147 849 303 899 faciles
345 854 567 900 corticum
608 854 691 899 effe
726 853 1005 916 complexus.
1055 852 1149 912 Qui
1179 850 1424 914 praeferunt

149 939 439 983 autumnum,
463 926 517 972 ab
539 926 719 971 ArCturi
743 937 874 982 ortu,
900 925 1114 988 quoniam
1135 924 1278 970 statim
1303 923 1423 969 radi-

150 1012 249 1042 cem
279 997 502 1060 quandam
534 998 712 1059 capiant
732 1033 747 1053 ,
775 999 824 1044 ὅ(
843 997 898 1043 ad
926 1013 1008 1044 ver
1034 1008 1185 1059 parata
1211 995 1423 1051 veniant,

149 1078 284 1130 atque
304 1085 399 1114 non
420 1069 627 1132 protinus
657 1069 921 1133 germinatio
941 1069 1108 1115 auferat
1127 1069 1262 1117 vireS.
1281 1069 1425 1127 Quae-

149 1140 251 1187 dam
285 1154 434 1187 tamen
464 1141 671 1189 statutum
694 1156 870 1206 tempus
894 1143 1000 1189 anni
1033 1142 1198 1189 habent
1225 1141 1390 1203 ubique
1409 1175 1423 1198 ‚

148 1224 201 1257 ut
230 1214 362 1260 cerafi
393 1215 442 1261 &
474 1214 720 1278 amygdalae
743 1216 860 1263 circa
886 1215 1086 1261 brumam
1103 1250 1117 1273 ,
1141 1214 1311 1265 serendi
1348 1211 1426 1258 vel

146 1282 381 1331 inserendi.
408 1286 483 1332 De
512 1287 711 1349 pluribus
739 1287 949 1334 locorum
982 1287 1084 1333 fitus
1116 1286 1286 1348 optime
1305 1284 1422 1347 judi-

148 1357 282 1403 cabit.
313 1358 487 1421 Frigida
518 1359 635 1406 enim
657 1362 706 1408 δε
729 1360 892 1423 aquosa
911 1372 1057 1407 verno
1083 1359 1256 1406 conseri
1280 1374 1423 1421 opor-

147 1440 238 1487 tet,
265 1430 377 1478 sicca
407 1432 457 1478 &
485 1432 626 1478 calida
646 1445 880 1479 autumno.

213 1504 258 1550 6.
294 1505 565 1552 Communis
605 1507 787 1570 quidem
821 1507 957 1553 Italiae
983 1506 1098 1553 ratio
1129 1518 1333 1568 tempora
1369 1502 1425 1548 ad

146 1575 266 1622 hunc
289 1577 475 1623 modum
503 1578 748 1624 distribuit:
774 1581 911 1631 Moto
933 1579 988 1625 ab
1010 1578 1156 1625 Idibus
1178 1575 1424 1623 Februariis

145 1646 193 1692 in
223 1648 571 1711 aequinoctium,
605 1650 706 1713 piro
733 1664 1030 1716 autumnum:
1060 1652 1120 1698 ita
1139 1651 1422 1697 utrbrumam

146 1720 383 1783 quindenis
408 1740 492 1770 nec
517 1724 663 1769 minus
680 1723 832 1771 diebus
849 1725 1127 1772 antecedant.
1158 1723 1288 1769 Malis
1307 1721 1423 1767 aesti-

147 1792 245 1850 viS,
267 1795 316 1840 &
337 1797 571 1854 cotoneis,
591 1797 697 1842 item
718 1797 883 1855 sorbis,
904 1798 1058 1860 prunis
1072 1834 1084 1856 ‚
1110 1796 1211 1860 post
1229 1796 1421 1841 mediam

145 1865 338 1912 hiemem
377 1868 423 1913 in
460 1870 559 1916 Idus
589 1870 861 1916 Februarias.
907 1870 1088 1933 Siliquae
1124 1872 1330 1926 Graecae,
1372 1870 1424 1915 &

144 1936 360 1996 Persicis,
392 1950 492 1985 ante
529 1941 732 1988 brumam
765 1958 844 2004 per
875 1954 1152 1987 autumnum.
1187 1940 1420 1998 Nucibus,

146 2007 372 2072 juglandi,
393 2012 631 2074 &pineae,
668 2016 717 2061 &
753 2014 996 2072 avellanae,
1032 2016 1083 2061 &
1117 2016 1321 2070 Graecae,
1355 2025 1423 2060 at-

145 2098 233 2144 que
265 2084 475 2132 castaneae
493 2123 507 2144 ,
535 2087 794 2134 aKalendis
817 2088 988 2134 Martiis
1021 2089 1076 2134 ad
1110 2088 1210 2133 Idus
1239 2086 1422 2133 easdem.

146 2155 308 2213 Salici,
337 2157 543 2219 genistae,
581 2159 700 2205 circa
732 2159 912 2205 Martias
939 2159 1176 2217 Kalendas.
1221 2161 1348 2205 Hanc
1376 2159 1422 2204 in

146 2226 272 2273 siccis
291 2227 478 2287 semine,
498 2231 618 2276 illam
643 2232 688 2276 in
707 2231 898 2277 humidis
921 2231 1052 2295 virga
1073 2231 1184 2288 seri,
1208 2231 1420 2277 diximus.

211 2316 253 2359 7.
286 2299 359 2345 Est
381 2303 511 2348 etiam
538 2319 657 2349 nunc
679 2319 804 2349 nova
826 2302 1044 2350 inserendi
1066 2304 1181 2349 ratio
1196 2339 1208 2359 ‚
1241 2318 1296 2347 ne
1314 2301 1423 2364 quid

144 2372 283 2420 sciens
320 2375 501 2437 quidem
538 2389 818 2438 praeteream,
847 2378 972 2440 quod
1005 2377 1188 2439 uli-{uam
1227 2376 1418 2421 invene-

141 2446 258 2506 rim,
284 2447 548 2495 columellae
574 2449 828 2513 excogitata
844 2484 858 2508 ,
888 2461 937 2496 ut
966 2450 1154 2496 affirmat
1176 2448 1295 2512 ipse,
1327 2465 1418 2513 qua
