<?xml version="1.0" encoding="UTF-8"?>
<!DOCTYPE html PUBLIC "-//W3C//DTD XHTML 1.0 Transitional//EN"
    "http://www.w3.org/TR/xhtml1/DTD/xhtml1-transitional.dtd">
<html xmlns="http://www.w3.org/1999/xhtml" xml:lang="en" lang="en">
 <head>
  <title>
</title>
<meta http-equiv="Content-Type" content="text/html;charset=utf-8" />
  <meta name='ocr-system' content='tesseract 3.04.00' />
  <meta name='ocr-capabilities' content='ocr_page ocr_carea ocr_par ocr_line ocrx_word'/>
</head>
<body>
  <div class='ocr_page' id='page_1' title='image "./caiipliniisecund03plinuoft_0213.png"; bbox 0 0 1653 2797; ppageno 0'>
   <div class='ocr_carea' id='block_1_1' title="bbox 168 175 1391 252">
    <p class='ocr_par' dir='ltr' id='par_1_1' title="bbox 168 175 1391 252">
     <span class='ocr_line' id='line_1_1' title="bbox 168 175 1391 252; baseline -0.009 -7"><span class='ocrx_word' id='word_1_1' title='bbox 168 175 499 245; x_wconf 48' lang='lat' dir='ltr'>&#39;NATUR</span> <span class='ocrx_word' id='word_1_2' title='bbox 533 190 852 240; x_wconf 72' lang='lat' dir='ltr'>HisToa.</span> <span class='ocrx_word' id='word_1_3' title='bbox 899 189 1237 237; x_wconf 89' lang='lat' dir='ltr'>LIB.XV11.</span> <span class='ocrx_word' id='word_1_4' title='bbox 1305 203 1391 252; x_wconf 65' lang='grc' dir='ltr'>ως</span> 
     </span>
    </p>
   </div>
   <div class='ocr_carea' id='block_1_2' title="bbox 120 295 1431 2552">
    <p class='ocr_par' dir='ltr' id='par_1_2' title="bbox 120 295 1409 1086">
     <span class='ocr_line' id='line_1_2' title="bbox 120 295 1399 369; baseline -0.009 -16"><span class='ocrx_word' id='word_1_5' title='bbox 120 305 301 369; x_wconf 83' lang='lat' dir='ltr'>vagari,</span> <span class='ocrx_word' id='word_1_6' title='bbox 327 300 671 352; x_wconf 84' lang='lat' dir='ltr'>&amp;inconditam</span> <span class='ocrx_word' id='word_1_7' title='bbox 689 295 862 359; x_wconf 84' lang='lat' dir='ltr'>spargi,</span> <span class='ocrx_word' id='word_1_8' title='bbox 882 309 1013 360; x_wconf 86' lang='lat' dir='ltr'>atque</span> <span class='ocrx_word' id='word_1_9' title='bbox 1033 297 1080 342; x_wconf 90' lang='lat' dir='ltr'>in</span> <span class='ocrx_word' id='word_1_10' title='bbox 1107 308 1399 361; x_wconf 85' lang='lat' dir='ltr'>terra‚quam</span> 
     </span>
     <span class='ocr_line' id='line_1_3' title="bbox 122 367 1401 440; baseline -0.007 -17"><span class='ocrx_word' id='word_1_11' title='bbox 122 394 204 440; x_wconf 85' lang='lat' dir='ltr'>per</span> <span class='ocrx_word' id='word_1_12' title='bbox 228 388 377 423; x_wconf 90' lang='lat' dir='ltr'>totum</span> <span class='ocrx_word' id='word_1_13' title='bbox 397 388 562 420; x_wconf 91' lang='lat' dir='ltr'>annum</span> <span class='ocrx_word' id='word_1_14' title='bbox 587 367 874 431; x_wconf 56' lang='lat' dir='ltr'>speetaverit,</span> <span class='ocrx_word' id='word_1_15' title='bbox 894 370 1164 417; x_wconf 79' lang='lat' dir='ltr'><strong>recumbere.</strong></span> <span class='ocrx_word' id='word_1_16' title='bbox 1195 371 1401 432; x_wconf 81' lang='lat' dir='ltr'><strong>Namque</strong></span> 
     </span>
     <span class='ocr_line' id='line_1_4' title="bbox 121 440 1403 505; baseline -0.008 -9"><span class='ocrx_word' id='word_1_17' title='bbox 121 463 173 496; x_wconf 89' lang='lat' dir='ltr'>ut</span> <span class='ocrx_word' id='word_1_18' title='bbox 202 448 404 495; x_wconf 89' lang='lat' dir='ltr'>veterina</span> <span class='ocrx_word' id='word_1_19' title='bbox 435 462 459 490; x_wconf 91' lang='lat' dir='ltr'>a</span> <span class='ocrx_word' id='word_1_20' title='bbox 488 442 597 505; x_wconf 78' lang='lat' dir='ltr'>jugo</span> <span class='ocrx_word' id='word_1_21' title='bbox 615 477 628 499; x_wconf 83' lang='lat'><strong><em>‚</em></strong></span> <span class='ocrx_word' id='word_1_22' title='bbox 647 442 698 487; x_wconf 85' lang='lat'>&amp;</span> <span class='ocrx_word' id='word_1_23' title='bbox 724 456 853 486; x_wconf 87' lang='lat' dir='ltr'>canes</span> <span class='ocrx_word' id='word_1_24' title='bbox 879 457 902 485; x_wconf 87' lang='lat' dir='ltr'>a</span> <span class='ocrx_word' id='word_1_25' title='bbox 923 440 1054 486; x_wconf 87' lang='lat' dir='ltr'>cursu</span> <span class='ocrx_word' id='word_1_26' title='bbox 1079 443 1306 489; x_wconf 71' lang='lat' dir='ltr'>volutatio</span> <span class='ocrx_word' id='word_1_27' title='bbox 1331 442 1403 503; x_wconf 83' lang='lat' dir='ltr'>ju..</span> 
     </span>
     <span class='ocr_line' id='line_1_5' title="bbox 126 511 1402 581; baseline -0.006 -12"><span class='ocrx_word' id='word_1_28' title='bbox 126 538 207 570; x_wconf 89' lang='lat' dir='ltr'>vat</span> <span class='ocrx_word' id='word_1_29' title='bbox 221 557 235 581; x_wconf 85' lang='lat'>‚</span> <span class='ocrx_word' id='word_1_30' title='bbox 255 520 314 566; x_wconf 89' lang='lat' dir='ltr'>ita</span> <span class='ocrx_word' id='word_1_31' title='bbox 333 530 430 564; x_wconf 89' lang='lat' dir='ltr'>tum</span> <span class='ocrx_word' id='word_1_32' title='bbox 446 517 496 562; x_wconf 70' lang='grc' dir='ltr'>δε</span> <span class='ocrx_word' id='word_1_33' title='bbox 514 514 680 563; x_wconf 85' lang='lat' dir='ltr'>vitium</span> <span class='ocrx_word' id='word_1_34' title='bbox 701 511 873 576; x_wconf 82' lang='lat' dir='ltr'>porrigi</span> <span class='ocrx_word' id='word_1_35' title='bbox 891 512 1081 558; x_wconf 84' lang='lat' dir='ltr'>lumbos.</span> <span class='ocrx_word' id='word_1_36' title='bbox 1116 515 1268 560; x_wconf 87' lang='lat' dir='ltr'>Arbor</span> <span class='ocrx_word' id='word_1_37' title='bbox 1289 512 1402 578; x_wconf 87' lang='lat' dir='ltr'>quo-¹</span> 
     </span>
     <span class='ocr_line' id='line_1_6' title="bbox 125 585 1403 658; baseline -0.005 -17"><span class='ocrx_word' id='word_1_38' title='bbox 125 611 214 658; x_wconf 89' lang='lat' dir='ltr'>que</span> <span class='ocrx_word' id='word_1_39' title='bbox 248 589 338 655; x_wconf 88' lang='lat' dir='ltr'>ipsa</span> <span class='ocrx_word' id='word_1_40' title='bbox 366 589 526 654; x_wconf 87' lang='lat' dir='ltr'>gaudet</span> <span class='ocrx_word' id='word_1_41' title='bbox 555 587 725 633; x_wconf 87' lang='lat' dir='ltr'>affiduo</span> <span class='ocrx_word' id='word_1_42' title='bbox 765 585 915 631; x_wconf 73' lang='lat' dir='ltr'>levata</span> <span class='ocrx_word' id='word_1_43' title='bbox 949 601 1114 643; x_wconf 82' lang='lat' dir='ltr'>onere,</span> <span class='ocrx_word' id='word_1_44' title='bbox 1144 585 1295 634; x_wconf 86' lang='lat' dir='ltr'>fimilis</span> <span class='ocrx_word' id='word_1_45' title='bbox 1329 605 1403 634; x_wconf 90' lang='lat' dir='ltr'>re-</span> 
     </span>
     <span class='ocr_line' id='line_1_7' title="bbox 124 659 1402 730; baseline -0.006 -16"><span class='ocrx_word' id='word_1_46' title='bbox 124 663 317 730; x_wconf 81' lang='lat' dir='ltr'>spiranti.</span> <span class='ocrx_word' id='word_1_47' title='bbox 351 662 565 725; x_wconf 86' lang='lat' dir='ltr'>Nihilque</span> <span class='ocrx_word' id='word_1_48' title='bbox 591 659 651 707; x_wconf 91' lang='lat' dir='ltr'>est</span> <span class='ocrx_word' id='word_1_49' title='bbox 684 659 731 704; x_wconf 90' lang='lat' dir='ltr'>in</span> <span class='ocrx_word' id='word_1_50' title='bbox 761 675 898 721; x_wconf 87' lang='lat' dir='ltr'>opere</span> <span class='ocrx_word' id='word_1_51' title='bbox 923 669 1094 704; x_wconf 88' lang='lat' dir='ltr'>naturae</span> <span class='ocrx_word' id='word_1_52' title='bbox 1111 693 1124 716; x_wconf 86' lang='lat'>,</span> <span class='ocrx_word' id='word_1_53' title='bbox 1153 659 1277 720; x_wconf 86' lang='lat' dir='ltr'>quod</span> <span class='ocrx_word' id='word_1_54' title='bbox 1306 677 1402 706; x_wconf 89' lang='lat' dir='ltr'>non</span> 
     </span>
     <span class='ocr_line' id='line_1_8' title="bbox 120 731 1406 800; baseline -0.005 -14"><span class='ocrx_word' id='word_1_55' title='bbox 120 736 340 800; x_wconf 74' lang='lat' dir='ltr'>exemplo</span> <span class='ocrx_word' id='word_1_56' title='bbox 377 735 548 782; x_wconf 88' lang='lat' dir='ltr'>dierum</span> <span class='ocrx_word' id='word_1_57' title='bbox 585 733 874 796; x_wconf 55' lang='lat' dir='ltr'>noctiumque</span> <span class='ocrx_word' id='word_1_58' title='bbox 910 731 1078 795; x_wconf 86' lang='lat' dir='ltr'>aliquas</span> <span class='ocrx_word' id='word_1_59' title='bbox 1113 731 1236 778; x_wconf 83' lang='lat' dir='ltr'>vices</span> <span class='ocrx_word' id='word_1_60' title='bbox 1273 732 1406 779; x_wconf 86' lang='lat' dir='ltr'>feria-</span> 
     </span>
     <span class='ocr_line' id='line_1_9' title="bbox 128 804 1409 870; baseline -0.005 -11"><span class='ocrx_word' id='word_1_61' title='bbox 128 828 233 859; x_wconf 87' lang='lat' dir='ltr'>rum</span> <span class='ocrx_word' id='word_1_62' title='bbox 259 809 387 857; x_wconf 88' lang='lat' dir='ltr'>velit.</span> <span class='ocrx_word' id='word_1_63' title='bbox 423 808 500 854; x_wconf 88' lang='lat' dir='ltr'>Ob</span> <span class='ocrx_word' id='word_1_64' title='bbox 533 808 578 853; x_wconf 94' lang='lat' dir='ltr'>id</span> <span class='ocrx_word' id='word_1_65' title='bbox 603 806 811 870; x_wconf 82' lang='lat' dir='ltr'>protinus</span> <span class='ocrx_word' id='word_1_66' title='bbox 844 822 869 851; x_wconf 90' lang='lat' dir='ltr'>a</span> <span class='ocrx_word' id='word_1_67' title='bbox 895 804 1124 851; x_wconf 86' lang='lat' dir='ltr'>vindemia</span> <span class='ocrx_word' id='word_1_68' title='bbox 1154 806 1330 866; x_wconf 83' lang='lat' dir='ltr'>putari,</span> <span class='ocrx_word' id='word_1_69' title='bbox 1357 808 1409 853; x_wconf 59' lang='grc' dir='ltr'>δέ</span> 
     </span>
     <span class='ocr_line' id='line_1_10' title="bbox 130 878 1409 941; baseline -0.005 -9"><span class='ocrx_word' id='word_1_70' title='bbox 130 885 255 933; x_wconf 82' lang='lat' dir='ltr'>laffas</span> <span class='ocrx_word' id='word_1_71' title='bbox 286 884 533 930; x_wconf 83' lang='lat' dir='ltr'>etiamnum</span> <span class='ocrx_word' id='word_1_72' title='bbox 562 881 705 928; x_wconf 66' lang='lat' dir='ltr'>fruEiu</span> <span class='ocrx_word' id='word_1_73' title='bbox 737 879 886 938; x_wconf 80' lang='lat' dir='ltr'>edito,</span> <span class='ocrx_word' id='word_1_74' title='bbox 915 878 1207 941; x_wconf 83' lang='lat' dir='ltr'>improbatur.</span> <span class='ocrx_word' id='word_1_75' title='bbox 1240 880 1409 925; x_wconf 81' lang='lat' dir='ltr'>Putatae</span> 
     </span>
     <span class='ocr_line' id='line_1_11' title="bbox 131 950 1409 1019; baseline -0.005 -15"><span class='ocrx_word' id='word_1_76' title='bbox 131 956 281 1005; x_wconf 87' lang='lat' dir='ltr'>rursus</span> <span class='ocrx_word' id='word_1_77' title='bbox 300 955 535 1019; x_wconf 83' lang='lat' dir='ltr'>alligentur</span> <span class='ocrx_word' id='word_1_78' title='bbox 556 954 646 1000; x_wconf 90' lang='lat' dir='ltr'>alio</span> <span class='ocrx_word' id='word_1_79' title='bbox 670 954 804 1000; x_wconf 89' lang='lat' dir='ltr'>loco:</span> <span class='ocrx_word' id='word_1_80' title='bbox 830 968 1021 1015; x_wconf 87' lang='lat' dir='ltr'>namque</span> <span class='ocrx_word' id='word_1_81' title='bbox 1042 950 1211 998; x_wconf 84' lang='lat' dir='ltr'>orbitas</span> <span class='ocrx_word' id='word_1_82' title='bbox 1234 952 1409 1000; x_wconf 79' lang='lat' dir='ltr'>vinculi</span> 
     </span>
     <span class='ocr_line' id='line_1_12' title="bbox 132 1023 935 1086; baseline -0.012 -9"><span class='ocrx_word' id='word_1_83' title='bbox 132 1030 356 1086; x_wconf 86' lang='lat' dir='ltr'>sentiunt,</span> <span class='ocrx_word' id='word_1_84' title='bbox 386 1027 630 1073; x_wconf 80' lang='lat' dir='ltr'>vexatione</span> <span class='ocrx_word' id='word_1_85' title='bbox 662 1042 757 1071; x_wconf 90' lang='lat' dir='ltr'>non</span> <span class='ocrx_word' id='word_1_86' title='bbox 786 1023 935 1072; x_wconf 83' lang='lat' dir='ltr'>dubia,</span> 
     </span>
    </p>

    <p class='ocr_par' dir='ltr' id='par_1_3' title="bbox 135 1095 1422 1819">
     <span class='ocr_line' id='line_1_13' title="bbox 199 1095 1411 1159; baseline -0.003 -11"><span class='ocrx_word' id='word_1_87' title='bbox 199 1101 425 1148; x_wconf 89' lang='lat' dir='ltr'>Traduces</span> <span class='ocrx_word' id='word_1_88' title='bbox 442 1098 615 1146; x_wconf 87' lang='lat' dir='ltr'>Gallica</span> <span class='ocrx_word' id='word_1_89' title='bbox 641 1097 814 1144; x_wconf 90' lang='lat' dir='ltr'>cultura</span> <span class='ocrx_word' id='word_1_90' title='bbox 832 1095 926 1141; x_wconf 88' lang='lat' dir='ltr'>bini</span> <span class='ocrx_word' id='word_1_91' title='bbox 948 1095 1156 1159; x_wconf 83' lang='lat' dir='ltr'>utrinque</span> <span class='ocrx_word' id='word_1_92' title='bbox 1177 1096 1411 1155; x_wconf 75' lang='lat' dir='ltr'>lateribus,</span> 
     </span>
     <span class='ocr_line' id='line_1_14' title="bbox 135 1170 1410 1240; baseline -0.006 -16"><span class='ocrx_word' id='word_1_93' title='bbox 135 1177 171 1224; x_wconf 86' lang='lat' dir='ltr'><strong>fi</strong></span> <span class='ocrx_word' id='word_1_94' title='bbox 197 1193 299 1240; x_wconf 86' lang='lat' dir='ltr'>pars</span> <span class='ocrx_word' id='word_1_95' title='bbox 334 1174 621 1238; x_wconf 81' lang='lat' dir='ltr'>quadrageno</span> <span class='ocrx_word' id='word_1_96' title='bbox 642 1171 769 1218; x_wconf 88' lang='lat' dir='ltr'>distet</span> <span class='ocrx_word' id='word_1_97' title='bbox 800 1170 971 1233; x_wconf 85' lang='lat' dir='ltr'>spatio:</span> <span class='ocrx_word' id='word_1_98' title='bbox 1009 1172 1213 1233; x_wconf 82' lang='lat' dir='ltr'>quaterni</span> <span class='ocrx_word' id='word_1_99' title='bbox 1236 1207 1250 1229; x_wconf 83' lang='lat'>‚</span> <span class='ocrx_word' id='word_1_100' title='bbox 1275 1171 1308 1217; x_wconf 87' lang='lat' dir='ltr'>fi</span> <span class='ocrx_word' id='word_1_101' title='bbox 1333 1172 1410 1218; x_wconf 86' lang='lat' dir='ltr'>vi-</span> 
     </span>
     <span class='ocr_line' id='line_1_15' title="bbox 136 1243 1412 1308; baseline -0.003 -13"><span class='ocrx_word' id='word_1_102' title='bbox 136 1265 254 1296; x_wconf 89' lang='lat' dir='ltr'>ceno</span> <span class='ocrx_word' id='word_1_103' title='bbox 275 1266 286 1294; x_wconf 91' lang='lat'><strong>:</strong></span> <span class='ocrx_word' id='word_1_104' title='bbox 320 1247 436 1292; x_wconf 90' lang='lat' dir='ltr'>inter</span> <span class='ocrx_word' id='word_1_105' title='bbox 467 1245 509 1292; x_wconf 95' lang='lat' dir='ltr'>se</span> <span class='ocrx_word' id='word_1_106' title='bbox 531 1245 662 1293; x_wconf 87' lang='lat' dir='ltr'>obvii</span> <span class='ocrx_word' id='word_1_107' title='bbox 687 1243 948 1301; x_wconf 81' lang='lat' dir='ltr'>miscentur,</span> <span class='ocrx_word' id='word_1_108' title='bbox 974 1243 1300 1308; x_wconf 84' lang='lat' dir='ltr'>alliganturque</span> <span class='ocrx_word' id='word_1_109' title='bbox 1325 1263 1412 1291; x_wconf 88' lang='lat' dir='ltr'>una</span> 
     </span>
     <span class='ocr_line' id='line_1_16' title="bbox 140 1317 1413 1383; baseline -0.005 -13"><span class='ocrx_word' id='word_1_110' title='bbox 140 1321 401 1380; x_wconf 79' lang='lat' dir='ltr'>conciliati,</span> <span class='ocrx_word' id='word_1_111' title='bbox 434 1319 740 1383; x_wconf 84' lang='lat' dir='ltr'>virgultorum</span> <span class='ocrx_word' id='word_1_112' title='bbox 778 1317 994 1365; x_wconf 85' lang='lat' dir='ltr'>comitatu</span> <span class='ocrx_word' id='word_1_113' title='bbox 1039 1317 1187 1363; x_wconf 86' lang='lat' dir='ltr'>obiter</span> <span class='ocrx_word' id='word_1_114' title='bbox 1227 1319 1413 1382; x_wconf 81' lang='lat' dir='ltr'>rigorati</span> 
     </span>
     <span class='ocr_line' id='line_1_17' title="bbox 139 1391 1411 1458; baseline -0.002 -18"><span class='ocrx_word' id='word_1_115' title='bbox 139 1412 228 1458; x_wconf 86' lang='lat' dir='ltr'>qua</span> <span class='ocrx_word' id='word_1_116' title='bbox 267 1391 504 1439; x_wconf 89' lang='lat' dir='ltr'>deficiant:</span> <span class='ocrx_word' id='word_1_117' title='bbox 539 1403 614 1438; x_wconf 87' lang='lat' dir='ltr'>aut</span> <span class='ocrx_word' id='word_1_118' title='bbox 647 1392 679 1437; x_wconf 88' lang='lat' dir='ltr'>fi</span> <span class='ocrx_word' id='word_1_119' title='bbox 711 1392 906 1438; x_wconf 83' lang='lat' dir='ltr'>brevitas</span> <span class='ocrx_word' id='word_1_120' title='bbox 939 1407 1034 1436; x_wconf 90' lang='lat' dir='ltr'>non</span> <span class='ocrx_word' id='word_1_121' title='bbox 1071 1392 1265 1453; x_wconf 84' lang='lat' dir='ltr'>patiatur</span> <span class='ocrx_word' id='word_1_122' title='bbox 1290 1391 1411 1454; x_wconf 84' lang='lat' dir='ltr'>ipso·</span> 
     </span>
     <span class='ocr_line' id='line_1_18' title="bbox 141 1463 1416 1528; baseline -0.002 -15"><span class='ocrx_word' id='word_1_123' title='bbox 141 1484 241 1514; x_wconf 85' lang='lat' dir='ltr'>rum</span> <span class='ocrx_word' id='word_1_124' title='bbox 263 1502 277 1525; x_wconf 83' lang='lat'>‚</span> <span class='ocrx_word' id='word_1_125' title='bbox 306 1465 541 1528; x_wconf 82' lang='lat' dir='ltr'>adalligato</span> <span class='ocrx_word' id='word_1_126' title='bbox 566 1464 898 1527; x_wconf 87' lang='lat' dir='ltr'>protenduntur</span> <span class='ocrx_word' id='word_1_127' title='bbox 923 1463 969 1508; x_wconf 92' lang='lat' dir='ltr'>in</span> <span class='ocrx_word' id='word_1_128' title='bbox 992 1463 1179 1509; x_wconf 74' lang='lat' dir='ltr'>viduam</span> <span class='ocrx_word' id='word_1_129' title='bbox 1208 1465 1416 1511; x_wconf 89' lang='lat' dir='ltr'>arborem</span> 
     </span>
     <span class='ocr_line' id='line_1_19' title="bbox 143 1537 1419 1600; baseline -0.002 -13"><span class='ocrx_word' id='word_1_130' title='bbox 143 1556 283 1588; x_wconf 88' lang='lat' dir='ltr'>unco.</span> <span class='ocrx_word' id='word_1_131' title='bbox 311 1539 560 1587; x_wconf 87' lang='lat' dir='ltr'>Traducem</span> <span class='ocrx_word' id='word_1_132' title='bbox 587 1538 755 1584; x_wconf 91' lang='lat' dir='ltr'>bimum</span> <span class='ocrx_word' id='word_1_133' title='bbox 784 1537 1024 1600; x_wconf 85' lang='lat' dir='ltr'>praecidere</span> <span class='ocrx_word' id='word_1_134' title='bbox 1044 1537 1258 1584; x_wconf 83' lang='lat' dir='ltr'>solebant.</span> <span class='ocrx_word' id='word_1_135' title='bbox 1290 1540 1419 1585; x_wconf 89' lang='lat' dir='ltr'>One-</span> 
     </span>
     <span class='ocr_line' id='line_1_20' title="bbox 143 1611 1421 1673; baseline 0 -13"><span class='ocrx_word' id='word_1_136' title='bbox 143 1613 250 1660; x_wconf 84' lang='lat' dir='ltr'>ratis</span> <span class='ocrx_word' id='word_1_137' title='bbox 267 1613 385 1659; x_wconf 88' lang='lat' dir='ltr'>enim</span> <span class='ocrx_word' id='word_1_138' title='bbox 405 1612 623 1658; x_wconf 82' lang='lat' dir='ltr'>vetustate</span> <span class='ocrx_word' id='word_1_139' title='bbox 641 1611 800 1657; x_wconf 85' lang='lat' dir='ltr'>melius</span> <span class='ocrx_word' id='word_1_140' title='bbox 826 1611 995 1656; x_wconf 88' lang='lat' dir='ltr'>donare</span> <span class='ocrx_word' id='word_1_141' title='bbox 1014 1622 1212 1673; x_wconf 80' lang='lat' dir='ltr'>tempus,</span> <span class='ocrx_word' id='word_1_142' title='bbox 1232 1624 1282 1658; x_wconf 87' lang='lat' dir='ltr'>ut</span> <span class='ocrx_word' id='word_1_143' title='bbox 1299 1625 1421 1660; x_wconf 84' lang='lat' dir='ltr'>tran-</span> 
     </span>
     <span class='ocr_line' id='line_1_21' title="bbox 142 1683 1422 1747; baseline -0.002 -13"><span class='ocrx_word' id='word_1_144' title='bbox 142 1686 267 1734; x_wconf 81' lang='lat' dir='ltr'>filem</span> <span class='ocrx_word' id='word_1_145' title='bbox 287 1684 455 1732; x_wconf 85' lang='lat' dir='ltr'>faciant</span> <span class='ocrx_word' id='word_1_146' title='bbox 473 1720 488 1743; x_wconf 82' lang='lat'>,</span> <span class='ocrx_word' id='word_1_147' title='bbox 514 1683 546 1730; x_wconf 85' lang='lat' dir='ltr'><strong>fi</strong></span> <span class='ocrx_word' id='word_1_148' title='bbox 572 1683 784 1747; x_wconf 83' lang='lat' dir='ltr'>largiatur</span> <span class='ocrx_word' id='word_1_149' title='bbox 808 1683 1071 1729; x_wconf 83' lang='lat' dir='ltr'>craffitudo:</span> <span class='ocrx_word' id='word_1_150' title='bbox 1095 1683 1199 1730; x_wconf 83' lang='lat' dir='ltr'>alias</span> <span class='ocrx_word' id='word_1_151' title='bbox 1220 1684 1326 1731; x_wconf 83' lang='lat' dir='ltr'>utile</span> <span class='ocrx_word' id='word_1_152' title='bbox 1346 1697 1422 1732; x_wconf 90' lang='lat' dir='ltr'>to—</span> 
     </span>
     <span class='ocr_line' id='line_1_22' title="bbox 145 1755 775 1819; baseline -0.006 -13"><span class='ocrx_word' id='word_1_153' title='bbox 145 1775 223 1806; x_wconf 88' lang='lat' dir='ltr'>ros</span> <span class='ocrx_word' id='word_1_154' title='bbox 247 1757 387 1804; x_wconf 89' lang='lat' dir='ltr'>futuri</span> <span class='ocrx_word' id='word_1_155' title='bbox 410 1756 620 1803; x_wconf 84' lang='lat' dir='ltr'>draconis</span> <span class='ocrx_word' id='word_1_156' title='bbox 645 1755 775 1819; x_wconf 86' lang='lat' dir='ltr'>pasci.</span> 
     </span>
    </p>

    <p class='ocr_par' dir='ltr' id='par_1_4' title="bbox 148 1827 1431 2552">
     <span class='ocr_line' id='line_1_23' title="bbox 231 1827 1422 1892; baseline 0.003 -17"><span class='ocrx_word' id='word_1_157' title='bbox 231 1846 305 1892; x_wconf 85' lang='lat'>27.</span> <span class='ocrx_word' id='word_1_158' title='bbox 342 1831 498 1876; x_wconf 90' lang='lat' dir='ltr'>Unum</span> <span class='ocrx_word' id='word_1_159' title='bbox 535 1828 777 1875; x_wconf 89' lang='lat' dir='ltr'>etiamnum</span> <span class='ocrx_word' id='word_1_160' title='bbox 813 1843 950 1891; x_wconf 84' lang='lat' dir='ltr'>genus</span> <span class='ocrx_word' id='word_1_161' title='bbox 985 1827 1046 1874; x_wconf 89' lang='lat' dir='ltr'>est</span> <span class='ocrx_word' id='word_1_162' title='bbox 1079 1829 1275 1875; x_wconf 84' lang='lat' dir='ltr'>medium</span> <span class='ocrx_word' id='word_1_163' title='bbox 1306 1830 1422 1878; x_wconf 85' lang='lat' dir='ltr'>inter</span> 
     </span>
     <span class='ocr_line' id='line_1_24' title="bbox 148 1900 1423 1964; baseline 0.002 -14"><span class='ocrx_word' id='word_1_164' title='bbox 148 1904 239 1950; x_wconf 92' lang='lat' dir='ltr'>hoc</span> <span class='ocrx_word' id='word_1_165' title='bbox 270 1904 320 1950; x_wconf 88' lang='lat'>&amp;</span> <span class='ocrx_word' id='word_1_166' title='bbox 341 1901 666 1964; x_wconf 82' lang='lat' dir='ltr'>propaginem:</span> <span class='ocrx_word' id='word_1_167' title='bbox 701 1913 818 1947; x_wconf 85' lang='lat' dir='ltr'>totas</span> <span class='ocrx_word' id='word_1_168' title='bbox 847 1900 1159 1963; x_wconf 88' lang='lat' dir='ltr'>supplantandi</span> <span class='ocrx_word' id='word_1_169' title='bbox 1186 1903 1233 1948; x_wconf 88' lang='lat' dir='ltr'>in</span> <span class='ocrx_word' id='word_1_170' title='bbox 1261 1916 1423 1952; x_wconf 83' lang='lat' dir='ltr'>terram</span> 
     </span>
     <span class='ocr_line' id='line_1_25' title="bbox 152 1971 1423 2038; baseline 0.003 -17"><span class='ocrx_word' id='word_1_171' title='bbox 152 1974 294 2031; x_wconf 82' lang='lat' dir='ltr'>vites,</span> <span class='ocrx_word' id='word_1_172' title='bbox 324 1971 563 2035; x_wconf 87' lang='lat' dir='ltr'>cuneisque</span> <span class='ocrx_word' id='word_1_173' title='bbox 595 1972 819 2030; x_wconf 85' lang='lat' dir='ltr'>findendi,</span> <span class='ocrx_word' id='word_1_174' title='bbox 847 1974 897 2020; x_wconf 85' lang='lat'>&amp;</span> <span class='ocrx_word' id='word_1_175' title='bbox 928 1973 975 2018; x_wconf 92' lang='lat' dir='ltr'>in</span> <span class='ocrx_word' id='word_1_176' title='bbox 1002 1973 1150 2021; x_wconf 85' lang='lat' dir='ltr'>sulcos</span> <span class='ocrx_word' id='word_1_177' title='bbox 1181 1976 1328 2038; x_wconf 85' lang='lat' dir='ltr'>plures</span> <span class='ocrx_word' id='word_1_178' title='bbox 1367 1978 1423 2024; x_wconf 88' lang='lat' dir='ltr'>fi-</span> 
     </span>
     <span class='ocr_line' id='line_1_26' title="bbox 153 2046 1425 2113; baseline 0.005 -20"><span class='ocrx_word' id='word_1_179' title='bbox 153 2046 247 2093; x_wconf 89' lang='lat' dir='ltr'>mul</span> <span class='ocrx_word' id='word_1_180' title='bbox 276 2063 331 2092; x_wconf 83' lang='lat' dir='ltr'>ex</span> <span class='ocrx_word' id='word_1_181' title='bbox 350 2063 438 2092; x_wconf 88' lang='lat' dir='ltr'>una</span> <span class='ocrx_word' id='word_1_182' title='bbox 461 2046 767 2110; x_wconf 81' lang='lat' dir='ltr'>propagandi,</span> <span class='ocrx_word' id='word_1_183' title='bbox 789 2046 1033 2109; x_wconf 85' lang='lat' dir='ltr'>gracilitate</span> <span class='ocrx_word' id='word_1_184' title='bbox 1063 2048 1332 2113; x_wconf 75' lang='lat' dir='ltr'>singularum</span> <span class='ocrx_word' id='word_1_185' title='bbox 1349 2051 1425 2098; x_wconf 82' lang='lat' dir='ltr'>fir—</span> 
     </span>
     <span class='ocr_line' id='line_1_27' title="bbox 154 2119 1426 2187; baseline 0.005 -20"><span class='ocrx_word' id='word_1_186' title='bbox 154 2132 272 2168; x_wconf 86' lang='lat' dir='ltr'>mata</span> <span class='ocrx_word' id='word_1_187' title='bbox 301 2120 613 2184; x_wconf 85' lang='lat' dir='ltr'>circumligatis</span> <span class='ocrx_word' id='word_1_188' title='bbox 644 2119 870 2166; x_wconf 83' lang='lat' dir='ltr'>hastilibus</span> <span class='ocrx_word' id='word_1_189' title='bbox 889 2157 902 2178; x_wconf 89' lang='lat'>‚</span> <span class='ocrx_word' id='word_1_190' title='bbox 934 2138 1015 2168; x_wconf 91' lang='lat' dir='ltr'>nec</span> <span class='ocrx_word' id='word_1_191' title='bbox 1043 2123 1189 2169; x_wconf 84' lang='lat' dir='ltr'>recisis</span> <span class='ocrx_word' id='word_1_192' title='bbox 1215 2126 1293 2187; x_wconf 83' lang='lat' dir='ltr'>qui</span> <span class='ocrx_word' id='word_1_193' title='bbox 1320 2143 1344 2172; x_wconf 91' lang='lat' dir='ltr'>a</span> <span class='ocrx_word' id='word_1_194' title='bbox 1370 2129 1426 2173; x_wconf 90' lang='lat' dir='ltr'>la-</span> 
     </span>
     <span class='ocr_line' id='line_1_28' title="bbox 156 2194 1426 2262; baseline 0.004 -21"><span class='ocrx_word' id='word_1_195' title='bbox 156 2194 323 2241; x_wconf 88' lang='lat' dir='ltr'>teribus</span> <span class='ocrx_word' id='word_1_196' title='bbox 353 2208 593 2242; x_wconf 85' lang='lat' dir='ltr'>excurrant</span> <span class='ocrx_word' id='word_1_197' title='bbox 625 2195 861 2258; x_wconf 81' lang='lat' dir='ltr'>pampinis.</span> <span class='ocrx_word' id='word_1_198' title='bbox 895 2196 1187 2244; x_wconf 78' lang='lat' dir='ltr'>Novarienfis</span> <span class='ocrx_word' id='word_1_199' title='bbox 1231 2200 1426 2262; x_wconf 81' lang='lat' dir='ltr'>agricola</span> 
     </span>
     <span class='ocr_line' id='line_1_29' title="bbox 157 2268 1426 2332; baseline 0.002 -17"><span class='ocrx_word' id='word_1_200' title='bbox 157 2268 392 2315; x_wconf 84' lang='lat' dir='ltr'>traducum</span> <span class='ocrx_word' id='word_1_201' title='bbox 424 2268 551 2315; x_wconf 88' lang='lat' dir='ltr'>turba</span> <span class='ocrx_word' id='word_1_202' title='bbox 581 2285 676 2314; x_wconf 92' lang='lat' dir='ltr'>non</span> <span class='ocrx_word' id='word_1_203' title='bbox 703 2279 970 2325; x_wconf 82' lang='lat' dir='ltr'>contentus,</span> <span class='ocrx_word' id='word_1_204' title='bbox 998 2286 1081 2316; x_wconf 82' lang='lat' dir='ltr'>nec</span> <span class='ocrx_word' id='word_1_205' title='bbox 1117 2270 1248 2332; x_wconf 86' lang='lat' dir='ltr'>copia</span> <span class='ocrx_word' id='word_1_206' title='bbox 1281 2288 1426 2317; x_wconf 90' lang='lat' dir='ltr'>ramo-</span> 
     </span>
     <span class='ocr_line' id='line_1_30' title="bbox 158 2341 1428 2404; baseline -0.001 -14"><span class='ocrx_word' id='word_1_207' title='bbox 158 2360 286 2400; x_wconf 86' lang='lat' dir='ltr'>rum,</span> <span class='ocrx_word' id='word_1_208' title='bbox 319 2341 534 2404; x_wconf 85' lang='lat' dir='ltr'>impofitis</span> <span class='ocrx_word' id='word_1_209' title='bbox 572 2341 816 2388; x_wconf 89' lang='lat' dir='ltr'>etiamnum</span> <span class='ocrx_word' id='word_1_210' title='bbox 850 2341 1058 2402; x_wconf 84' lang='lat' dir='ltr'>patibulis</span> <span class='ocrx_word' id='word_1_211' title='bbox 1098 2343 1298 2404; x_wconf 84' lang='lat' dir='ltr'>palmites</span> <span class='ocrx_word' id='word_1_212' title='bbox 1339 2344 1428 2390; x_wconf 86' lang='lat' dir='ltr'>cir-</span> 
     </span>
     <span class='ocr_line' id='line_1_31' title="bbox 160 2413 1429 2480; baseline 0.001 -19"><span class='ocrx_word' id='word_1_213' title='bbox 160 2413 436 2462; x_wconf 88' lang='lat' dir='ltr'>cumvolvit.</span> <span class='ocrx_word' id='word_1_214' title='bbox 465 2415 613 2478; x_wconf 89' lang='lat' dir='ltr'>Itaque</span> <span class='ocrx_word' id='word_1_215' title='bbox 642 2430 802 2477; x_wconf 68' lang='lat' dir='ltr'>praeter</span> <span class='ocrx_word' id='word_1_216' title='bbox 830 2413 911 2460; x_wconf 88' lang='lat' dir='ltr'>soli</span> <span class='ocrx_word' id='word_1_217' title='bbox 940 2414 1080 2473; x_wconf 83' lang='lat' dir='ltr'>vitia,</span> <span class='ocrx_word' id='word_1_218' title='bbox 1106 2415 1279 2461; x_wconf 85' lang='lat' dir='ltr'>cultura</span> <span class='ocrx_word' id='word_1_219' title='bbox 1308 2433 1429 2480; x_wconf 78' lang='lat' dir='ltr'>quo·-</span> 
     </span>
     <span class='ocr_line' id='line_1_32' title="bbox 160 2484 1431 2552; baseline 0.001 -18"><span class='ocrx_word' id='word_1_220' title='bbox 160 2503 248 2552; x_wconf 86' lang='lat' dir='ltr'>que</span> <span class='ocrx_word' id='word_1_221' title='bbox 274 2499 410 2536; x_wconf 85' lang='lat' dir='ltr'>torva</span> <span class='ocrx_word' id='word_1_222' title='bbox 434 2484 546 2533; x_wconf 86' lang='lat' dir='ltr'>fiunt</span> <span class='ocrx_word' id='word_1_223' title='bbox 566 2488 685 2536; x_wconf 87' lang='lat' dir='ltr'>vina.</span> <span class='ocrx_word' id='word_1_224' title='bbox 712 2487 810 2534; x_wconf 85' lang='lat' dir='ltr'>Alia</span> <span class='ocrx_word' id='word_1_225' title='bbox 836 2487 964 2550; x_wconf 85' lang='lat' dir='ltr'>culpa</span> <span class='ocrx_word' id='word_1_226' title='bbox 986 2487 1109 2548; x_wconf 69' lang='lat' dir='ltr'>juxta</span> <span class='ocrx_word' id='word_1_227' title='bbox 1129 2487 1295 2535; x_wconf 76' lang='lat' dir='ltr'>Urbem</span> <span class='ocrx_word' id='word_1_228' title='bbox 1316 2491 1431 2537; x_wconf 73' lang='lat' dir='ltr'>Var-</span> 
     </span>
    </p>
   </div>
  </div>
 </body>
</html>
