1653 2797
175 168 236 211 24
433 148 1183 198 C.PL1N118ECUND1

169 259 230 306 ris
250 258 518 322 saporisque.
558 257 700 305 Dulci
732 273 757 304 e
780 274 940 321 genere
958 257 1019 305 est
1038 260 1088 306 &
1109 256 1331 306 melitites.
1367 260 1459 308 Di-

171 331 255 382 stat
282 348 306 376 a
334 329 480 376 mulso
498 366 515 387 ,
545 329 671 394 quod
696 327 745 376 fit
765 346 788 376 e
805 329 951 377 musto
965 366 980 388 ,
1002 347 1105 376 cum
1126 330 1323 394 quinque
1346 323 1462 378 con-

170 402 252 465 giis
287 402 448 448 austeri
482 402 646 460 musti,
681 402 850 466 congio
886 402 1030 450 mellis
1069 404 1120 450 &
1150 402 1247 450 salis
1287 403 1462 468 cyatho

173 472 490 520 suffervefauis
505 510 519 532 ‚
542 472 775 520 austerum.
810 472 895 520 Sed
919 472 1036 520 inter
1060 473 1157 520 haee
1184 490 1345 538 genera
1373 490 1464 537 po—

172 559 302 592 tuum
330 563 501 610 ponere
521 546 667 593 debeo
685 548 735 594 &
750 558 1021 610 protropum
1041 565 1052 593 ε
1084 546 1145 593 ita
1167 548 1416 612 appellatur
1440 564 1475 595 a·

172 621 438 684 quibusdam
458 621 652 666 mustum
672 619 832 684 sponte
860 619 1081 679 defluens,
1102 630 1342 685 antequam
1372 620 1468 668 cal—

173 706 335 741 centur
365 712 483 742 uvae.
532 695 635 741 Hoc
672 694 879 757 protinus
919 694 1124 742 diffusum
1166 695 1333 759 lagenis
1378 695 1470 743 suis

175 766 409 814 defervere
443 767 550 830 paffi
567 802 581 825 ‚
608 766 761 830 postea
789 766 836 812 in
864 767 968 814 Sole
998 768 1288 831 quadraginta
1314 768 1471 818 diebus

175 852 351 888 torrent
380 842 536 888 aestatis
572 841 731 887 secutae
750 877 763 898 7
784 840 881 903 ipso
907 841 1044 888 Canis
1072 853 1191 891 ortu.
1268 833 1273 838 ³

242 918 340 963 XII.
364 916 473 961 Non
490 915 671 977 poffunt
693 913 789 976 jtue
809 913 898 961 dici
913 913 1021 961 vina
1034 951 1048 973 ‚
1070 932 1170 979 quae
1192 915 1342 962 Graeci
1360 915 1472 962 deu-

179 990 287 1037 teria
307 987 534 1051 appellant
551 1024 564 1046 ‚
588 988 706 1033 Cato
726 989 776 1034 &c
792 1004 876 1034 nos
903 988 1047 1034 loram
1069 1023 1082 1047 ,
1103 990 1334 1037 maceratis
1355 1007 1473 1054 aqua

179 1062 378 1111 vinaceis
400 1080 410 1106 ε
452 1061 525 1107 sed
547 1072 698 1106 tamen
731 1060 847 1106 inter
869 1060 977 1106 vina
1008 1062 1211 1124 operaria
1236 1080 1472 1109 numeran-

177 1147 262 1182 tur.
285 1136 394 1182 Tria
413 1151 574 1182 eorum
592 1150 767 1197 genera.
799 1133 993 1179 Decima
1010 1150 1134 1197 parte
1152 1153 1278 1199 aquae
1296 1136 1440 1183 addita
1457 1172 1474 1195 ‚

179 1226 281 1270 quae
322 1207 454 1253 musti
491 1206 692 1269 expressa
726 1205 778 1251 fit
798 1241 810 1261 ,
843 1207 894 1252 &
927 1205 989 1252 ita
1023 1207 1154 1253 noete
1189 1224 1240 1253 ac
1276 1208 1346 1254 die
1376 1226 1474 1254 ma-

180 1282 362 1330 defaffilis
393 1281 592 1329 vinaceis
614 1316 627 1337 ,
660 1278 893 1343 rursusque
926 1279 1055 1342 prelo
1092 1280 1309 1343 subjeffis.
1346 1283 1477 1329 Alte-

182 1375 282 1404 rum
296 1393 309 1414 ‚
331 1356 569 1421 quomodo
591 1353 740 1402 Graeci
766 1353 1052 1412 fatilitaverffi
1073 1355 1200 1402 tertia
1230 1368 1355 1419 parte
1381 1356 1477 1420 ejus

183 1429 310 1484 Quod
340 1428 589 1492 exprefi'um
616 1427 692 1485 fit,
718 1426 864 1472 addita
895 1444 1048 1490 aquae,
1080 1429 1374 1493 expressoque
1396 1431 1493 1477 de-·

183 1502 318 1548 co&o
352 1502 408 1549 ad
432 1501 582 1548 tertias
619 1512 779 1563 partes.
817 1499 1022 1545 Tertium
1053 1500 1144 1557 est,
1168 1501 1348 1550 faecibus
1377 1503 1476 1550 vini

183 1575 460 1638 expressum,
492 1574 617 1638 quod
650 1573 859 1620 faecatum
880 1574 998 1619 Cato
1020 1575 1226 1638 appellat.
1265 1575 1391 1623 Nulli
1419 1593 1479 1627 ex

183 1648 253 1697 his
289 1647 411 1711 plus,
448 1665 585 1711 quam
621 1663 774 1704 anno,
805 1645 920 1693 usus.

250 1724 370 1770 X111.
395 1725 565 1769 Verum
595 1722 710 1769 inter
741 1721 840 1767 haec
869 1719 984 1766 subit
1013 1731 1211 1766 mentem
1231 1756 1245 1777 ‚
1267 1738 1371 1768 cum
1391 1720 1477 1768 fint

187 1815 348 1862 genera
384 1797 555 1844 nobilia
571 1833 584 1852 ‚
615 1814 718 1860 quae
743 1795 925 1858 proprie
949 1794 1047 1841 vini
1074 1794 1262 1858 intelligi
1288 1795 1480 1858 possint,

189 1885 335 1918 LXXX
366 1870 459 1917 fere
486 1870 533 1917 in
563 1882 666 1917 toto
703 1869 843 1926 orbe,
867 1869 974 1916 duas
1004 1880 1150 1931 partes
1180 1885 1236 1914 ex
1267 1868 1357 1915 hoc
1392 1885 1482 1914 nu-

187 1962 315 1993 mero
338 1945 474 1991 Italiae
502 1944 586 1992 effe
603 1982 617 2002 ‚
638 1944 773 2007 longe
798 1954 1037 2006 propterea
1055 1955 1156 1988 ante
1183 1942 1363 1988 cunetas
1387 1954 1482 1987 ter-

188 2037 272 2066 ras.
306 2021 364 2064 Et
390 2019 496 2065 hinc
524 2018 683 2064 deinde
706 2017 836 2064 altius
875 2032 982 2062 cura
1019 2014 1179 2077 serpit,
1206 2031 1302 2060 non
1332 2031 1356 2060 a
1385 2014 1480 2077 pri-

188 2094 369 2141 mordio
391 2093 508 2140 hanc
530 2093 713 2156 gratiam
734 2091 860 2137 fuisse
883 2108 893 2136 ε
929 2089 1237 2136 alletoritatem
1258 2089 1358 2152 post
1380 2089 1482 2136 sex-

188 2167 481 2214 centesimum
510 2166 645 2213 Urbis
668 2182 835 2211 annum
860 2163 1053 2228 coepiss'e.

261 2239 383 2285 XIV.
417 2237 666 2283 Romulum
696 2237 829 2292 lafite,
861 2251 957 2280 non
990 2234 1102 2280 vino
1123 2270 1136 2292 ,
1162 2232 1340 2291 libaffe5
1361 2233 1479 2280 indi—

190 2311 265 2358 cio
302 2309 405 2357 sunt
432 2309 635 2363 sacra,ab
667 2325 723 2354 eo
760 2307 986 2363 instituta,
1016 2323 1118 2369 quae
1156 2305 1290 2351 hodie
1327 2305 1479 2351 custo-

190 2383 321 2429 diunt
356 2398 545 2428 morem.
582 2382 743 2426 Numae
772 2379 884 2441 regis
914 2378 1136 2424 Postumia
1170 2377 1243 2423 lex
1276 2376 1359 2423 est:
1393 2376 1480 2421 Vi-

191 2473 254 2503 no
274 2472 436 2518 rogum
457 2471 512 2500 ne
529 2451 786 2516 respergito.
810 2451 955 2512 Quod
976 2451 1159 2497 sanxiffe
1181 2449 1310 2496 illum
1333 2464 1479 2511 prop-
