1653 2797
255 176 346 235 236
458 162 470 172 ‘
527 173 1317 225 C.PL1N113ECUND1

251 282 331 344 qui
361 298 526 340 verna,
553 282 979 344 milium,panicum
997 318 1010 341 ‚
1044 283 1238 345 lentem,
1271 284 1414 343 cicer,
1441 283 1528 332 ali-

253 374 349 402 cam
385 355 624 418 appellant.
660 357 916 404 Sementiva
955 370 1125 416 autem,
1156 358 1352 406 triticum
1371 393 1386 418 ,
1416 358 1526 406 hor-

251 431 413 486 deum,
444 430 617 489 fabam,
643 448 836 493 napum,
872 449 1036 494 rapam.
1073 435 1130 478 Et
1163 432 1210 478 in
1235 432 1373 480 tritici
1393 449 1528 496 gene-

251 521 299 550 re
320 522 418 567 pars
454 507 600 570 aliqua
632 506 782 569 pabuli
819 506 879 551 est
904 507 1239 569 quadrupedum
1267 507 1395 553 causa
1422 506 1531 564 sati,

252 589 303 623 ut
330 576 531 642 farrago:
565 581 615 627 &
639 580 686 625 in
712 578 1031 641 leguminibus,
1060 591 1109 624 ut
1132 579 1266 625 vicia.
1311 580 1373 625 At
1399 595 1531 625 com-

251 666 387 696 mune
412 651 750 714 quadrupedum
772 651 1096 712 hominumque
1125 650 1250 709 usui,
1274 651 1496 713 lupinum.

340 738 380 766 2.
414 723 659 785 Legumina
697 722 851 767 onmia
889 721 1079 783 singulas
1118 721 1286 768 habent
1324 721 1530 780 radices,

252 806 413 851 praeter
432 793 576 840 fabam
592 830 607 850 ,
628 793 785 855 easque
804 792 1053 839 surculosas
1067 828 1081 851 ,
1105 793 1212 856 quia
1234 809 1331 839 non
1350 793 1406 860 in·
1417 792 1532 839 mul-

253 879 299 911 ta
312 866 598 913 dividuntur:
621 865 843 912 altiffimas
860 880 1009 911 autem
1025 865 1156 912 cicer.
1172 869 1409 912 Frumenta
1427 864 1536 911 mul·

253 936 310 982 tis
334 937 589 983 radicantur
616 935 763 995 fibris,
788 937 878 983 fine
910 938 1056 983 ramis.
1091 938 1297 999 Erumpit
1331 953 1356 982 a
1383 937 1533 999 primo

254 1007 345 1053 satu
380 1009 605 1055 hordeum
639 1010 710 1055 die
743 1008 957 1071 septimo:
995 1010 1220 1075 legumina
1246 1022 1435 1074 quarto,
1458 1011 1535 1058 vel

253 1096 356 1125 cuin
392 1081 650 1140 tardifiime,
671 1082 888 1145 septimo:
916 1081 1017 1129 faba
1048 1100 1073 1129 a
1100 1098 1175 1129 xv
1201 1085 1259 1130 ad·
1277 1098 1352 1129 XX
1366 1120 1384 1141 ,
1408 1085 1537 1148 legu-
1591 1136 1598 1140 >⁷

251 1152 374 1197 mina
398 1151 445 1197 in
465 1154 669 1216 AEgypto
690 1156 824 1201 tertio
854 1155 938 1205 die.
968 1158 1037 1201 Ex
1055 1156 1229 1203 hordeo
1259 1157 1447 1203 alterum
1465 1175 1537 1205 ca-

252 1239 334 1287 put
371 1227 497 1289 grani
534 1229 579 1273 in
616 1229 812 1275 radicem
853 1230 973 1287 exit,
1004 1229 1194 1276 alterum
1231 1230 1280 1276 in
1320 1231 1537 1288 herbam,

252 1314 354 1359 quae
388 1300 438 1345 &
473 1299 602 1362 prior
630 1299 777 1346 floret.
808 1302 1024 1348 Radicem
1059 1302 1243 1348 craffior
1272 1318 1373 1364 pars
1409 1301 1538 1365 grani

253 1369 401 1416 fundit
420 1406 433 1428 ,
461 1372 644 1418 tenuior
675 1372 848 1420 florem.
895 1373 1067 1421 Ceteris
1106 1373 1348 1421 seminibus
1383 1373 1536 1421 eadem

253 1460 382 1505 pars,
415 1447 464 1492 &
484 1446 678 1493 radicem
695 1483 709 1505 ,
741 1449 792 1494 &
818 1447 994 1495 florem.

324 1533 364 1577 3.
399 1522 638 1566 Frumenta
660 1522 807 1567 hieme
835 1522 881 1566 in
911 1523 1048 1569 herba
1081 1521 1206 1569 sunt:
1240 1538 1390 1569 verno
1420 1533 1538 1568 tem-

256 1605 367 1651 pore
395 1589 652 1653 fastigantur
688 1593 735 1638 in
760 1592 963 1654 stipulam
978 1629 992 1651 ,
1015 1612 1116 1657 quae
1140 1594 1242 1640 sunt
1261 1594 1440 1640 hiberni
1459 1611 1538 1657 ge-

256 1664 402 1710 neris:
433 1677 477 1711 at
512 1666 683 1712 miiiurn
716 1669 766 1714 &
792 1669 1003 1730 p'anicum
1036 1668 1083 1713 in
1120 1667 1318 1719 culmum
1349 1666 1536 1730 genicu-

256 1736 397 1783 latum
426 1741 475 1786 δέ
503 1756 792 1798 concavum,
824 1740 984 1786 sesama
1018 1757 1133 1787 vero
1169 1740 1216 1785 in
1250 1739 1539 1786 ferulaceum.

257 1810 478 1856 Omnium
509 1811 702 1858 tutorum
733 1812 929 1871 fructus,
967 1825 1044 1859 aut
1082 1812 1212 1875 spicis
1243 1813 1503 1859 continetur
1522 1847 1537 1870 ,

260 1897 305 1929 ut
335 1885 496 1941 tritici,
518 1888 694 1934 hordei:
716 1888 1003 1951 muniturque
1026 1887 1150 1934 Vallo
1177 1887 1405 1934 aristarum
1426 1904 1539 1950 qua-

260 1958 481 2020 druplici:
513 1972 590 2007 aut
626 1960 868 2008 includitur
911 1959 1110 2024 siliquis,
1147 1972 1196 2006 ut
1232 1959 1537 2023 leguminum:

260 2042 335 2074 aut
362 2031 576 2089 vasculis,
605 2045 652 2078 ut
677 2032 870 2089 sesamae,
900 2050 949 2079 ac
974 2031 1224 2095 papaveris.
1259 2031 1466 2088 Milium,
1489 2032 1540 2078 δε

262 2103 472 2161 panicum
512 2117 684 2151 tantum
718 2123 803 2167 pro
840 2104 1038 2151 indiviso
1059 2140 1073 2160 ,
1110 2105 1160 2150 &
1192 2104 1348 2166 parvis
1379 2103 1542 2150 avibus

262 2176 513 2237 expolitum
546 2177 620 2223 est.
654 2176 883 2224 indefensa
912 2177 1082 2240 quippe
1117 2177 1388 2222 membranis
1422 2193 1541 2223 con-

264 2249 474 2296 tinentur.
512 2252 723 2297 Panicum
759 2269 782 2296 a
817 2250 1037 2312 paniculis
1072 2250 1235 2295 dierum
1257 2285 1271 2306 ,
1307 2250 1538 2296 cacumine

263 2322 466 2385 languide
501 2336 711 2381 nutante,
744 2323 955 2385 paulatim
985 2334 1229 2368 extenuato
1266 2321 1419 2368 culmo
1445 2337 1537 2383 pae-

263 2412 318 2440 nc
345 2396 390 2440 in
426 2394 648 2443 surcumm
668 2432 681 2452 ,
714 2396 950 2459 praedenfis
974 2408 1212 2442 acervatur
1238 2394 1410 2459 granis,
1433 2411 1537 2440 cum

264 2467 514 2530 longuiimu
544 2470 685 2531 pedali
717 2470 849 2515 obba.
888 2469 1004 2515 Mihi
1036 2486 1178 2516 comae
1199 2484 1381 2531 granum
1407 2483 1537 2513 com-
