1653 2797
305 140 916 189 NATUR.H18TOR.
953 143 1071 189 Lm.
1116 142 1234 190 XX.
1336 148 1428 205 339

214 250 391 297 XXIX.
419 249 568 296 Intubi
600 265 784 313 quoque
814 266 909 295 non
944 261 1068 297 extra
1090 250 1284 297 remedia
1318 251 1431 300 sunt.

148 323 315 370 Succus
347 339 507 370 eorum
536 338 640 368 cum
666 319 853 366 rosaceo
874 322 925 368 &
952 333 1081 368 aceto
1112 322 1265 384 capitis
1292 323 1432 370 dolo-

147 410 220 441 res
249 394 374 440 lenit.
410 393 618 455 Idemque
652 408 757 438 cum
783 391 898 438 Vino
932 406 1092 454 potus,
1131 392 1343 456 jocineris
1380 397 1432 443 δε

148 466 335 513 vesicae:
368 466 418 512 &
451 464 685 527 epiphoris
716 463 981 526 imponitur.
1030 465 1280 513 Erraticum
1314 469 1434 530 apud

146 554 233 584 nos
265 536 443 601 quidam
474 536 696 583 ambulam
725 535 1022 598 appellavere.
1059 540 1109 582 In
1133 539 1336 602 AEgypto
1363 541 1432 587 ci-

148 609 354 656 chorium
374 621 548 657 vocant
562 645 576 668 ‚
598 609 721 673 quod
747 608 943 655 silvestre
964 609 1026 656 sit.
1060 610 1264 659 Sativum
1282 625 1434 662 autem

146 681 289 738 scrin,
308 682 439 744 quod
456 681 517 728 est
536 681 684 727 minus
707 682 756 728 &
778 679 1004 728 venosius.

211 754 370 800 XXX.
396 753 662 822 Cichorium
688 751 932 816 refrigerat.
967 755 1017 800 In
1043 753 1149 801 cibo
1169 753 1363 803 sumtum
1380 759 1433 806 δε

146 825 310 891 illitum
329 827 648 884 collefflones‚
669 826 908 891 succusque
926 828 1100 875 decoffi
1117 842 1323 877 ventrem
1342 830 1431 876 sol·

147 900 231 946 vit.
253 899 476 959 Jocineri,
492 901 542 948 &
561 901 768 959 renibus,
787 901 1086 949 &stomacho
1106 903 1301 966 prodest.
1320 905 1434 952 Item

146 973 205 1019 fi
195 990 241 1019 in
260 984 389 1020 aceto
411 973 714 1037 decoquatur,
733 974 874 1021 urinae
895 975 1091 1021 tormina
1107 975 1298 1024 discutit.
1321 979 1434 1023 Item

146 1047 357 1093 morbum
384 1047 557 1111 regium
579 1064 603 1093 e
619 1047 763 1093 mulso
780 1084 793 1106 ,
813 1047 845 1093 fi
867 1047 958 1094 fine
988 1047 1110 1096 febre
1129 1049 1195 1097 sit.
1229 1049 1435 1098 Veficam

146 1118 348 1181 adjuvat.
369 1119 610 1166 Mulierum
629 1119 809 1183 quidem
829 1120 1174 1183 purgationibus
1195 1121 1434 1169 decochim

148 1190 197 1236 in
233 1208 347 1254 aqua
375 1191 488 1237 adeo
519 1190 723 1254 prodest,
748 1203 799 1237 ut
828 1204 1062 1239 emortuos
1095 1205 1246 1255 partus
1272 1194 1434 1242 trahat.

145 1263 379 1327 Adjiciunt
397 1264 551 1327 Magi,
586 1263 723 1311 succo
756 1265 896 1311 totius
919 1283 1022 1311 cum
1051 1266 1157 1313 oleo
1191 1269 1434 1330 perunctos

145 1339 494 1387 favorabiliores
525 1337 622 1385 fieri
642 1376 655 1399 ‚
677 1340 727 1386 &
758 1356 859 1403 quae
885 1340 1055 1398 velint,
1088 1340 1264 1388 facilius
1285 1341 1433 1404 impe-

145 1428 278 1460 trare.
318 1413 463 1473 Quod
484 1412 664 1477 quidem
686 1425 873 1476 propter
903 1412 1169 1476 singularem
1203 1413 1432 1462 salubrita-

145 1497 237 1532 tem
258 1485 399 1549 aliqui
429 1485 636 1532 chreston
661 1485 916 1548 appellant,
945 1484 1020 1530 alii
1048 1486 1331 1548 pancration.

223 1559 393 1604 XXXI.
426 1559 482 1604 Et
506 1557 703 1604 silvestre
727 1573 892 1620 genus,
921 1556 996 1602 alii
1016 1557 1313 1620 hedypnoida
1334 1575 1429 1606 vo-

145 1641 248 1676 cant
261 1665 275 1687 ‚
296 1630 468 1676 latioris
489 1628 604 1677 solii.
639 1629 937 1676 Stomachum
957 1628 1219 1676 diffolutum
1241 1630 1430 1677 adstrin-

143 1702 209 1766 git
242 1703 389 1750 costa:
422 1702 648 1765 crudaque
681 1701 789 1748 sistit
821 1700 991 1748 alvum.
1041 1702 1098 1746 Et
1132 1700 1431 1765 dysentericis

142 1774 324 1836 prodest
336 1811 350 1833 ‚
367 1776 506 1839 magis
525 1793 628 1823 cum
647 1774 781 1821 lente.
806 1775 957 1836 Rupta
986 1774 1037 1820 &
1056 1773 1274 1820 convulsa
1294 1786 1428 1820 utro-

143 1862 230 1908 que
249 1863 406 1910 genere
427 1847 654 1909 juvantur.
689 1851 800 1895 Item
830 1846 992 1911 quibus
1017 1846 1221 1911 genitura
1241 1847 1431 1903 ¹valetu-

145 1918 261 1965 dinis
289 1919 456 1966 morbo
480 1920 644 1966 effluat.
1297 1941 1299 1943 ·

208 1993 403 2038 XXXII.
430 1991 546 2038 Seris
567 1994 616 2039 &
643 1991 733 2051 ipsa
754 1991 938 2038 lactucae
959 1991 1178 2038 simillima
1193 2027 1208 2051 ‚
1233 1993 1427 2041 duorum

143 2081 358 2128 generum
377 2065 462 2111 est:
494 2063 703 2111 silvestris
732 2064 908 2111 melior.
939 2064 1078 2128 Nigra
1097 2064 1203 2124 ista,
1232 2067 1282 2113 &
1311 2066 1428 2113 aesti-

143 2155 216 2186 va.
248 2139 465 2186 Deterior
484 2139 670 2186 hiberna
692 2140 741 2186 &
763 2139 1010 2186 candidior.
1033 2142 1235 2203 Utraque
1253 2157 1426 2199 amara,

145 2211 375 2259 stomacho
402 2212 619 2258 utiliffima
635 2247 649 2269 ,
679 2211 902 2274 praecipue
921 2228 1056 2275 quem
1084 2212 1250 2273 humor
1269 2227 1433 2262 vexat..>

146 2285 264 2330 Cum
282 2298 410 2331 aceto
428 2286 475 2332 in
496 2285 601 2332 cibo
622 2284 884 2348 refrigerant
897 2285 973 2333 vel
991 2284 1140 2332 illitae:
1162 2284 1424 2332 discutiunt-

144 2374 232 2421 que
262 2359 311 2405 &
331 2357 443 2404 alios
459 2394 474 2416 ‚
503 2374 635 2421 quam
659 2356 892 2405 stomachi.
929 2358 1049 2404 Cum
1066 2356 1252 2420 polenta
1287 2357 1427 2404 filve-

144 2430 296 2481 strium
329 2431 498 2480 radices
529 2431 748 2479 stomachi
780 2430 910 2480 causa
942 2430 1208 2488 sorbentur:
1242 2433 1292 2482 &
1324 2448 1424 2481 car-

1025 2506 1057 2551 B
1078 2505 1106 2551 b
1143 2519 1165 2566 3
