1653 2797
198 159 290 219 264
451 157 1233 209 C.PL1N118ECUND1

194 267 297 313 felle
324 267 497 313 bubulo
527 266 690 314 semina
711 267 868 332 attingi
899 267 1050 315 utilius
1088 281 1258 331 putant.
1282 268 1469 335 Rubigo'

193 342 373 404 quidem
390 377 403 397 ,
421 342 614 389 maxima
633 342 827 407 segetum
859 342 1014 406 pestis,
1035 343 1143 390 lauri
1166 343 1298 391 ramis
1321 344 1368 389 in
1393 361 1474 390 ara

194 431 261 461 vo
296 414 481 474 defixis,
512 417 662 463 tranfit
696 418 743 463 in
776 433 825 465 ea
863 417 971 465 folia
1001 436 1059 464 ex
1096 418 1231 466 arvis.
1259 419 1472 467 >Luxuria.

195 488 394 552 segetum
439 491 670 554 castigatur
705 492 837 538 dente
869 493 1049 555 pecoris
1090 492 1137 538 in
1170 492 1304 539 herba
1339 492 1470 538 dum-

195 574 347 608 taxat:
380 563 430 610 δε
467 562 655 626 depastae
685 563 864 626 quidem
895 564 972 609 vel
1005 563 1159 626 saepius
1179 600 1193 622 ‚
1226 563 1391 610 nullam
1420 563 1470 611 in

192 632 312 697 spica
341 636 551 700 injuriam
579 637 791 686 sentiunt.
835 637 1132 686 Retonsarum
1170 638 1301 685 etiam
1336 635 1470 684 semel

195 710 387 758 omnino
423 725 592 759 certum
620 711 680 757 est
711 722 897 774 granum
931 710 1110 775 longius
1128 709 1257 770 fieri,
1278 712 1352 758 sed
1370 711 1470 758 ina-

195 799 253 828 ne
280 784 558 848 cassumque,
589 802 639 830 ac
675 783 813 830 satum
843 800 939 830 non
974 783 1105 832 nasci.
1143 784 1376 849 Babylone
1400 796 1472 830 ta-

193 871 299 900 men
329 856 394 902 bis
415 856 563 902 secant
577 891 593 913 ,
612 857 749 903 tertio
776 856 1040 919 depascunt:
1061 856 1230 920 alioqui
1250 856 1359 903 folia
1375 868 1473 903 tan-

195 938 290 973 tum
327 927 497 975 fierent.
525 929 597 975 Sic
635 946 819 993 quoque
853 948 955 978 cum
984 929 1351 994 quinquagesimo
1379 928 1474 976 foe-

197 1018 310 1048 nore
328 1002 480 1050 messes
508 1003 652 1050 reddit
680 1004 853 1051 exilitas
883 1004 992 1051 soli:
1021 1021 1182 1051 verum
1211 1003 1473 1067 diligentio-

197 1075 317 1121 ribus
354 1094 456 1123 cum
498 1078 754 1125 centefimo.
809 1079 966 1141 Neque
1009 1078 1070 1124 est
1105 1095 1212 1125 cura
1248 1077 1439 1124 difficilis
1460 1095 1475 1125 ε

195 1164 330 1210 quam
367 1149 604 1215 diutiffime
637 1150 791 1214 aquari
826 1151 1014 1215 gaudet,
1042 1162 1091 1198 ut
1120 1150 1391 1215 praepinguis
1423 1151 1475 1198 δε

198 1218 329 1265 densa
357 1221 536 1267 ubertas
573 1222 777 1268 diluatur.
817 1222 991 1269 Limum
1024 1235 1171 1270 autem
1206 1239 1300 1269 non
1339 1222 1474 1269 inve-

196 1290 311 1339 hunt
342 1293 588 1356 Euphrates
613 1294 874 1358 Tigrisque,
896 1296 1007 1343 ficut
1033 1297 1079 1342 in
1103 1297 1304 1360 AEgypto
1328 1289 1477 1342 Nilus.

200 1365 299 1411 Nec
331 1378 444 1413 terra
474 1367 564 1430 ipsa
589 1367 745 1413 herbas
771 1368 922 1431 gignit.
953 1369 1180 1416 Ubertatis
1206 1382 1354 1415 tamen
1378 1380 1475 1414 tan-

200 1450 257 1482 tae
288 1438 415 1496 sunt,
449 1457 499 1485 ut
525 1439 734 1503 sequent-e
761 1457 881 1486 anno
902 1440 1060 1503 sponte
1083 1440 1287 1487 restibilis
1317 1439 1393 1487 fiat
1412 1439 1475 1486 se-

204 1526 277 1571 ges
298 1544 311 1566 ‚
343 1509 556 1573 impreffis
589 1513 781 1575 vestigio
815 1513 1081 1560 seminibus:
1111 1531 1211 1576 quae
1239 1525 1360 1560 tanta
1389 1511 1475 1558 soli

201 1581 448 1629 differentia
490 1584 706 1631 admonet
742 1597 870 1631 terrae
911 1603 1070 1648 genera
1111 1586 1159 1631 in
1201 1585 1350 1649 finges
1395 1585 1474 1632 de·-

202 1653 404 1700 scribere.

266 1728 427 1774 XLVI.
457 1726 592 1790 Igitur
613 1726 802 1772 Catonis
828 1725 922 1771 haec
941 1724 1157 1771 sententia
1184 1724 1270 1771 est:
1297 1727 1345 1770 In
1366 1741 1475 1788 agro

202 1800 343 1846 craffo
377 1802 425 1846 ὅ(
452 1799 558 1844 laeto
589 1798 861 1845 frumentum
890 1794 999 1843 seri:
1029 1796 1059 1842 fi
1085 1815 1198 1844 vero
1232 1797 1476 1845 nebulosus

202 1872 254 1918 fit
284 1871 425 1929 idem,
456 1871 728 1934 raphanum,
757 1870 959 1927 milium,
988 1870 1211 1931 panicum.
1241 1872 1291 1916 In
1310 1869 1478 1933 frigido

203 1948 253 1992 ὅ(
292 1945 462 2009 aquoso
496 1946 616 2008 prius
653 1944 916 2003 serendum,
958 1942 1111 2007 postea
1142 1944 1189 1990 in
1223 1942 1385 1990 calido,
1425 1945 1478 1989 In

203 2020 301 2066 solo
329 2033 474 2066 autem
508 2018 772 2078 rubricos0‚
797 2018 872 2064 vel
905 2019 1033 2083 pullo
1050 2055 1064 2077 ,
1091 2018 1167 2064 vel
1197 2015 1382 2064 arenoso
1399 2053 1414 2074 ,
1446 2017 1479 2063 fi

203 2111 299 2141 non
331 2094 383 2139 fit
419 2094 663 2157 aquosum,
698 2093 918 2155 lupinum.
957 2096 1008 2141 In
1041 2105 1160 2141 creta
1192 2094 1242 2140 &
1272 2090 1478 2150 rubr-ica,

205 2172 255 2218 &
286 2170 524 2233 aquofiore
555 2186 661 2232 agro
697 2169 922 2215 adoreum.
962 2172 1010 2214 ln
1039 2168 1157 2214 ficco
1186 2169 1235 2214 &
1259 2183 1354 2213 non
1373 2165 1476 2212 her-

202 2244 314 2290 boso
336 2280 349 2302 ,
385 2261 465 2290 nec
494 2243 706 2289 umbroso
724 2281 736 2301 ‚
762 2243 975 2291 triticum.
1018 2245 1067 2290 In
1098 2241 1195 2287 solo
1224 2238 1380 2287 valido
1411 2237 1476 2284 fa-

202 2317 316 2363 bam.
345 2316 521 2362 Viciam
551 2330 663 2361 vero
691 2331 823 2378 quam
845 2314 1030 2361 minime
1059 2314 1105 2359 in
1133 2312 1301 2376 aquoso
1328 2309 1477 2357 herbi-

203 2390 367 2452 doque.
401 2389 628 2453 Siliginem
662 2391 710 2435 δε
739 2388 938 2434 triticum
969 2389 1014 2434 in
1049 2388 1155 2434 loco
1187 2392 1344 2449 aperto'
1379 2382 1474 2428 edi-

203 2472 369 2527 toque,
394 2462 470 2527 qui
483 2462 586 2510 Sole
613 2478 746 2526 quam
776 2460 1009 2509 diutiffime
1030 2471 1264 2508 torreatur.
1291 2459 1475 2505 Lentem
