1653 2797
272 159 1244 218 NATUR.H18TOR>.L113.X1X.
1326 181 1414 235 355

133 283 269 335 quam
299 287 515 321 cacumen
545 270 749 316 emineat.
779 271 1029 320 Tritianum
1049 276 1141 324 hoc
1169 294 1308 341 genus
1325 294 1418 327 vo·-

132 355 288 404 catur,
308 345 376 392 bis
405 341 701 405 computabili
728 342 961 404 impendio
978 382 991 404 ‚
1014 349 1254 413 taedioque÷

207 436 247 481 3.
280 421 441 467 Cetera
461 433 623 480 genera
652 416 888 480 complura
915 419 1027 468 sunt.
1065 425 1320 472 Cumanum
1338 425 1420 473 ses-

134 492 205 540 fili
222 492 337 539 folio
352 527 366 550 ‚
387 490 531 553 capite
552 489 771 553 patulum.
806 491 1044 540 Aricinum
1065 496 1300 546 altitudine
1323 517 1420 547 non

131 565 378 623 excelsius,
414 563 531 610 folio
567 563 876 622 numerosius,
911 582 1045 628 quam
1083 571 1274 619 tenuius.
1317 574 1422 621 Hoc

129 638 410 685 utiliffimum
431 636 727 694 existimatur,
749 638 851 701 quia
873 637 950 685 sub
970 642 1182 690 omnibus
1200 660 1326 707 paene
1345 646 1420 693 foa

130 712 205 760 liis
241 711 423 758 fruticat
459 709 689 758 cauliculis
730 711 1045 772 peculiaribus.
1091 716 1421 779 Pompejanum

130 786 396 849 procerius,
431 784 555 831 caule
585 784 639 830 ab
672 783 818 832 radice
838 787 993 845 tenui,
1022 789 1137 836 intra
1167 789 1277 837 folia
1306 792 1420 838 cras-

130 859 273 907 sescit.
312 858 504 906 Rariora
534 859 629 904 haec
658 857 1028 923 angustioraque:
1050 861 1123 908 sed
1142 864 1354 912 teneritas
1372 866 1420 912 in

83 967 86 971 -
130 934 269 991 dote,
302 933 334 980 fi
369 932 538 996 frigora
569 948 666 978 non
701 931 892 978 tolerat:
928 934 1091 996 quibus
1124 936 1257 983 etiam
1287 939 1418 985 alim-³

131 1017 208 1052 tur
238 1004 438 1052 Brutiani
454 1040 470 1061 ‚
496 1004 777 1068 praegrandes
809 1002 961 1061 foliis,
995 1006 1120 1052 caule
1146 1019 1330 1067 tenues,
1351 1009 1419 1057 sam

130 1095 246 1144 pore
269 1077 401 1125 acuti.
432 1077 657 1125 Sabellico
681 1076 819 1141 usque
841 1076 885 1122 in
912 1078 1256 1128 admirationem
1276 1083 1420 1147 crispa

131 1152 234 1200 sunt
263 1151 371 1198 folia
388 1187 401 1209 ‚
432 1167 630 1215 quorum
664 1151 904 1196 crassitudo
926 1151 1099 1198 caulem
1127 1153 1268 1216 ipfiim
1294 1169 1421 1203 exte-

131 1239 240 1272 nuat
261 1241 271 1270 z
310 1224 381 1271 sed
411 1223 648 1272 dulciffimi
669 1223 959 1286 perhibentur
983 1242 1036 1271 er<
1061 1226 1287 1275 omnibus.
1319 1231 1420 1276 Nu-b

128 1314 211 1361 per
242 1297 414 1345 subiere
442 1299 711 1344 ‘Lacuturres
746 1313 803 1343 ex
837 1297 1050 1343 convalle
1089 1300 1273 1348 Aricina
1293 1338 1306 1360 ‚
1339 1303 1418 1350 ubi

129 1371 362 1436 quondam
388 1370 474 1417 fuit
506 1371 658 1427 lacus,
690 1369 911 1433 turrisque
942 1387 1045 1433 quae
1076 1387 1305 1422 remanet:
1339 1394 1416 1423 cad

128 1445 224 1509 pite
257 1444 573 1508 praegrandes,
605 1442 723 1489 folio
758 1443 1014 1490 innumeri:
1051 1445 1126 1490 alii
1170 1445 1215 1492 in
1255 1449 1416 1496 orbem

128 1518 326 1582 porrecti
347 1554 360 1576 ,
394 1517 469 1564 alii
489 1517 535 1562 in
562 1515 840 1562 latitudinem
872 1513 1027 1563 torofi.
1066 1517 1162 1563 Nec
1186 1518 1288 1581 plus
1314 1521 1418 1568 ullis

129 1593 285 1658 capitis
310 1593 410 1656 post
431 1591 687 1659 Tritianum
703 1625 716 1648 ,
751 1589 822 1636 cui
851 1589 1009 1651 pedale
1036 1590 1279 1655 aliquando
1301 1612 1413 1641 cone

129 1668 311 1731 spicitur
327 1702 342 1727 ,
374 1668 593 1731 &cyma
618 1664 751 1711 nullis
777 1663 929 1710 serior.
963 1665 1236 1730 Cuicumque
1263 1685 1413 1716 autem

127 1742 278 1807 generi
314 1741 486 1806 pruinae
512 1740 756 1804 plurimum
791 1737 1018 1784 suavitatis
1055 1740 1325 1788 conferunt:
1363 1747 1414 1793 ἃ

129 1816 210 1862 'nist
227 1816 420 1879 obliquo
438 1815 623 1861 vulnere
647 1813 909 1860 defendatur
929 1811 1144 1871 medulla,
1162 1814 1410 1876 plurimum

128 1901 312 1936 nocent.
347 1888 515 1935 Semini
542 1887 745 1934 destinati
783 1902 879 1932 non
907 1884 1123 1932 secantur»
1167 1886 1239 1933 Est
1276 1890 1410 1937 etiam

128 1961 204 2009 sua
237 1961 375 2026 gratia
395 1973 622 2024 nunquam
646 1960 809 2023 plantae
828 1959 1030 2005 habitum
1059 1961 1409 2011 excellentibus:

127 2033 397 2099 halmyridia
429 2044 626 2090 vocant,
649 2032 865 2096 quoniam
887 2030 967 2077 nisi
992 2031 1037 2076 in
1057 2032 1290 2080 maritimis
1312 2051 1408 2082 non

126 2106 436 2172 proveniunt,
458 2105 748 2169 navigatione
766 2121 947 2169 quoque
965 2105 1215 2171 longinqua
1242 2109 1408 2155 viridi-

125 2184 208 2228 bus
240 2180 494 2228 adservatis.
529 2181 686 2227 Statim
719 2179 876 2227 desecti
895 2180 956 2226 ita
975 2197 1031 2227 ne
1063 2181 1247 2228 humum
1273 2184 1407 2228 attine

121 2267 261 2320 Agant,
285 2255 332 2301 in
361 2254 496 2300 cados
524 2254 614 2300 olei
645 2270 782 2318 quam
815 2253 1020 2316 proxime
1049 2254 1236 2301 ficcatos
1268 2255 1407 2303 obtu-

126 2329 336 2393 ratosque
350 2328 634 2385 conduntur,
657 2327 783 2374 omni
802 2327 955 2390 spiritu
975 2327 1170 2374 excluso.
1195 2329 1309 2374 Sunt
1326 2329 1404 2392 qui

126 2402 321 2465 plantam
350 2400 395 2445 in
422 2399 733 2446 transferendo
759 2400 856 2464 alga
879 2399 1049 2446 subdita
1067 2400 1279 2462 pediculo
1295 2438 1308 2458 ‚
1330 2402 1403 2447 ni-

125 2490 259 2524 trove
290 2474 396 2521 trito
414 2508 428 2533 9
457 2473 582 2538 quod
615 2473 757 2521 tribus
780 2473 927 2537 digitis
959 2473 1188 2536 capiatur,
1207 2475 1402 2522 celerio-

1047 2550 1080 2594 Z
1119 2565 1143 2593 2
