1653 2797
217 127 309 191 362
505 121 1255 174 C.PL1N115ECUND1

214 252 286 282 me
315 233 507 282 nascitur
522 270 535 293 ‚
554 251 698 282 erucae
719 232 856 290 fimile
871 270 887 290 ,
910 231 1094 280 cubitali
1120 229 1381 288 altitudine,
1400 227 1493 277 flo-

213 325 264 354 re
296 307 399 354 rufo
433 309 483 354 &
511 308 718 371 protinus
756 307 947 354 deciduo
979 325 990 354 ε
1030 307 1148 354 unde
1181 308 1231 354 &
1264 319 1435 351 nomen
1469 319 1497 348 a

217 381 391 428 Graecis
427 381 616 444 accepit.
672 382 746 429 De
782 381 965 445 reliquis
1001 380 1234 445 generibus
1264 375 1501 442 papaveris

215 453 376 516 sponte
403 453 621 501 nascentis
648 453 844 501 dicemus
874 454 923 499 in
942 453 1176 501 medicinae
1208 452 1332 498 loco,
1358 447 1501 496 Fuiffe

215 538 363 572 autem
395 526 443 572 in
469 526 648 573 honore
676 526 796 589 apud
831 526 1069 573 Romanos
1097 525 1268 589 semper
1285 561 1299 583 ‚
1323 521 1498 570 indicio

216 598 280 644 est
309 597 581 663 Tarquinius
603 599 826 662 Superbus
843 634 856 657 ,
886 599 966 662 qui
997 599 1151 662 legatis
1185 616 1210 645 a
1236 597 1331 645 filio
1362 595 1501 643 miflis

251 674 488 721 ecutiendo
518 690 745 737 papavera
770 672 817 719 in
848 672 987 719 horto
1008 673 1210 720 altiffima
1229 708 1242 731 ‚
1269 671 1500 735 sanguina·

217 746 337 793 rium
366 747 476 794 illud
504 745 768 808 responsum
802 738 897 792 hac'
916 745 1019 793 faffi
1051 745 1233 810 ambage
1263 743 1468 792 reddidit.

285 822 400 866 LIV.
427 819 593 866 Rursus
621 818 711 865 alio
744 819 964 866 comitatu
993 819 1269 885 aequinoctio
1303 817 1502 866 autumni

223 892 428 939 seruntur
460 891 776 949 coriandrum,
804 892 1045 951 anethum,
1072 892 1289 956 atriplex,
1326 890 1504 948 malva,

223 964 481 1027 lapathum,
503 964 780 1012 caerefolium
798 1001 812 1022 ,
835 965 962 1028 quod
987 963 1384 1030 paederota'Graeci
1411 979 1504 1010 vo-

225 1051 357 1083 cant:
388 1039 438 1085 &
464 1038 731 1085 acerrimum
762 1037 953 1100 sapore,
985 1039 1104 1103 ignei
1127 1039 1306 1085 effecius
1322 1073 1336 1095 ,
1359 1054 1411 1084 ac
1436 1035 1505 1083 sa-

224 1109 522 1157 luberrimum
553 1110 772 1174 corpori,
810 1110 976 1173 sinapi,
1011 1111 1133 1158 nulla
1163 1111 1336 1158 cultura
1355 1145 1369 1168 ‚
1407 1126 1524 1155 me-‘

225 1182 311 1228 lius
338 1194 487 1229 tamen
518 1184 669 1247 planta
696 1184 865 1230 tralata.
902 1183 1029 1243 Quin
1061 1201 1084 1230 e
1115 1183 1293 1230 diverso
1329 1183 1412 1229 vix
1444 1180 1508 1227 est

229 1258 322 1304 sato
349 1257 480 1304 semel
500 1275 557 1305 eo
587 1257 772 1304 liberare
801 1259 983 1316 locum,
1016 1257 1233 1322 quoniam
1260 1255 1409 1302 semen
1437 1272 1510 1302 ca-

229 1333 338 1378 dens
365 1331 570 1394 protinus
592 1331 724 1378 viret.
762 1330 880 1379 Usus
904 1329 997 1393 ejus
1025 1331 1156 1377 etiam
1186 1347 1270 1393 pro
1297 1329 1508 1392 pulmen-

233 1403 348 1450 tario
383 1403 429 1448 'm
462 1403 637 1466 patellis
678 1403 896 1461 decocto,
932 1403 1042 1449 citra
1083 1402 1357 1448 intellectum
1393 1401 1511 1448 acri-

230 1476 412 1523 moniae.
446 1476 727 1538 Coquuntur
746 1478 795 1522 ἃ
815 1475 950 1532 folia,
968 1475 1078 1522 ficut
1109 1475 1388 1538 reliquorum
1417 1474 1512 1520 ole-

232 1565 346 1595 rum.
380 1549 492 1594 Sunt
525 1564 672 1593 autem
705 1548 841 1593 trium
871 1550 1292 1610 generusznum
1321 1546 1518 1610 gracile,

235 1621 422 1668 alterum
456 1620 592 1666 fimile
625 1620 722 1682 rapi
757 1619 912 1677 foliis,
945 1621 1125 1666 tertium
1155 1636 1314 1665 erucae.
1353 1620 1511 1664 Semen

233 1695 457 1758 optimum
482 1693 763 1757 AEgyptium.
796 1692 1088 1739 Athenienses
1108 1709 1233 1756 napy
1251 1692 1514 1755 appellave-

234 1781 339 1816 runt
359 1804 372 1826 ,
405 1768 480 1814 alii
507 1768 648 1830 thapsi
666 1804 679 1826 ‚
708 1768 782 1815 alii
817 1767 1010 1813 saurion.

301 1842 394 1886 LV.
426 1840 637 1905 Serpyllo
657 1842 707 1888 &
730 1838 967 1904 sisymbrio
998 1849 1174 1884 montes
1208 1837 1408 1900 plerique
1425 1836 1517 1884 sca·

237 1924 334 1961 tent
347 1949 361 1971 ,
380 1913 490 1959 sicut
507 1914 554 1959 111
574 1913 769 1960 Thracia
787 1931 797 1959 ε
820 1912 974 1975 utique
1001 1909 1204 1957 deferunt
1223 1928 1280 1957 ex
1300 1911 1366 1958 his
1386 1911 1517 1958 avul-

238 1987 310 2034 sos
340 2003 516 2044 ramos,
538 1986 788 2050 feruntque.
823 1988 934 2032 Item
952 1985 1153 2049 Sicyone
1180 2002 1237 2032 ex
1269 1985 1354 2032 suis
1381 2002 1525 2032 mon—

240 2059 390 2115 tibus,
424 2059 473 2105 &
502 2058 688 2104 Athenis
713 2075 767 2105 ex
788 2060 1027 2123 Hymetto,
1058 2057 1202 2103 Simili
1229 2058 1371 2104 modo
1391 2060 1440 2105 &
1461 2058 1518 2104 si-

242 2130 491 2194 symbrium
527 2129 690 2176 serunt.
727 2127 1234 2177 Laetiffimum-nascitur
1268 2128 1316 2174 in
1351 2144 1525 2192 puteo--

243 2221 343 2251 rum
363 2202 600 2265 parietibus
620 2239 633 2261 ‚
664 2206 714 2251 ὃ(
744 2203 865 2250 circa
897 2203 1083 2266 piscinas
1106 2219 1158 2249 ac
1182 2202 1367 2266 stagna„
1460 2214 1463 2215 ’

310 2278 421 2323 LVI.
451 2275 640 2337 Reliqua
669 2274 768 2322 sunt
797 2275 1006 2323 ferulacei
1038 2275 1239 2338 generis,
1273 2292 1353 2322 ceu
1377 2273 1522 2320 foeni-

246 2350 396 2397 culum
409 2386 422 2408 ,
441 2349 654 2413 anguibus
676 2347 750 2413 (ut
775 2351 989 2412 diximus)
1009 2349 1292 2414 gratiffimum
1307 2385 1321 2408 ‚
1340 2349 1395 2395 ad
1410 2364 1519 2395 con-

247 2423 410 2470 dienda
437 2422 650 2486 plurima,
675 2438 779 2470 cum
796 2423 973 2472 inaruit.
1003 2423 1147 2488 Eique
1168 2439 1382 2487 perquam
1401 2419 1522 2468 fimi-
