1653 2797
262 174 1283 235 NATUR.HVISTOR.L113.X1V.
1354 194 1442 250 33„

128 281 431 329 condimentis
460 281 598 344 picis:
628 279 756 343 cujus
798 279 1014 330 faciendae
1046 285 1162 333 ratio
1199 287 1415 349 proximo

129 354 302 402 dicetur
337 353 586 402 volumine.

195 429 346 476 XXV.
382 426 610 474 Arborum
639 425 775 475 succo
812 428 1092 475 manantium
1125 432 1275 494 picem
1306 432 1415 480 refi-

129 516 322 564 namque
337 535 351 558 ‚
386 499 483 546 aliae
503 513 615 547 ortae
642 501 690 546 in
706 500 921 559 Oriente,
951 501 1050 547 aliae
1074 503 1121 548 in
1143 506 1323 568 Europa
1345 504 1414 552 fe-

128 589 247 622 runt.
283 575 402 635 Quae
429 574 609 621 interest
631 573 761 632 Afia,
796 575 1006 638 utrinque
1032 575 1242 639 quasdam
1266 577 1415 627 habet.

126 648 177 695 In
191 648 380 695 Oriente
400 648 620 712 optimam
634 647 1021 712 tenuiffimamque
1041 648 1285 697 terebinthi
1304 649 1413 697 fun—

127 720 241 768 dunt
259 739 271 768 ε
303 721 463 768 deinde
483 720 682 779 lentisci,r
717 737 851 784 quam
870 722 921 768 ὃς
941 721 1186 769 mastichen
1207 735 1380 770 vocant
1398 741 1412 770 ε

126 794 283 858 postea
309 794 526 858 cupreffi,
544 795 807 840 acerrimam
829 793 998 857 sapore.
1035 794 1273 859 Liquidam
1307 813 1413 843 omo

126 883 207 914 nes
223 903 238 925 ,
265 867 316 914 &
336 879 511 913 tantum
540 866 727 911 resinam
745 883 756 911 ε
782 865 1036 912 craffiorem
1056 882 1170 914 vero
1189 869 1239 914 δε
1263 867 1320 914 ad
1339 868 1413 930 pi·

127 955 201 987 ces
227 938 450 985 faciendas
482 939 651 985 cedrus.
669 938 861 984 Arabica
891 939 1031 985 resina
1061 937 1161 986 alba
1192 939 1254 986 est
1272 976 1287 999 ‚
1321 941 1415 988 acri

126 1014 300 1071 odore,
331 1010 523 1058 difficilis
559 1012 790 1074 coquenti.
821 1012 969 1059 Judaea
996 1011 1204 1066 callosior
1224 1049 1238 1072 ,
1267 1016 1317 1062 &
1340 1027 1412 1061 te-

122 1087 383 1136 rebinthina
401 1101 587 1150 quoque
614 1085 878 1132 odoratior:
899 1086 1083 1149 Syriaca
1106 1086 1246 1133 Attici
1267 1086 1413 1137 melh's

127 1161 464 1209 similitudinem
488 1158 636 1205 habet.
673 1159 848 1223 Cypria
870 1159 1095 1206 antecedit
1130 1177 1317 1208 omnest
1350 1161 1413 1208 est

127 1247 278 1282 autem
298 1231 463 1280 melleo
495 1231 674 1289 colore,
698 1231 896 1278 carnosa.
931 1232 1230 1295 Colophonia
1252 1239 1423 1296 praeter

128 1324 295 1358 ceteras
322 1304 476 1352 fulva:
505 1304 536 1351 fi
565 1317 756 1363 teratur,
795 1304 895 1350 alba
916 1303 991 1362 fit,
1014 1307 1198 1368 gravior
1234 1307 1412 1354 odore:

128 1383 191 1430 ob
212 1382 259 1428 id
279 1396 375 1426 non
394 1390 579 1425 utuntur
599 1395 649 1424 ea
667 1378 966 1441 unguentarii.
994 1379 1042 1424 In
1062 1379 1162 1425 Afia
1181 1396 1280 1443 quae
1307 1375 1357 1425 fit
1387 1397 1413 1425 e

126 1455 283 1524 picea,
310 1450 556 1498 admodum
590 1450 805 1508 candida,
839 1448 991 1514 spagas
1012 1466 1218 1498 vocatur.
1252 1450 1413 1499 Resma

128 1527 276 1577 'omnis
296 1523 552 1572 dissolvitur
570 1522 690 1571 oleo.
726 1523 926 1583 Quidam
946 1525 997 1571 &
1016 1536 1136 1571 creta
1154 1523 1411 1588 figlinarum

125 1600 216 1648 hoc
235 1599 332 1646 fieri
355 1598 639 1646 arbitrantur.
661 1597 890 1660 Pudetque
911 1597 1142 1655 confiteri,
1163 1597 1412 1645 maximum

124 1671 216 1739 jam
235 1675 460 1720 honorem
487 1671 581 1734 ejus
611 1671 695 1718 effe
722 1671 768 1717 in
788 1670 1036 1719 evellendis
1068 1670 1277 1719 virorum
1306 1690 1411 1720 cor-

126 1747 228 1813 pori
249 1745 367 1810 pilis.
406 1764 412 1768 ·
870 1803 874 1805 Α
1413 1742 1418 1746 ’

192 1812 328 1860 Ratio
348 1825 495 1857 autem
514 1807 756 1856 condiendi
775 1807 916 1855 musta
934 1845 948 1867 ‚
967 1806 1014 1855 in
1033 1809 1182 1872 primo
1202 1807 1414 1868 fervore,

126 1886 207 1950 qui
226 1900 399 1933 novem
419 1883 573 1931 diebus
597 1899 699 1930 cum
723 1883 969 1946 plurimum
986 1885 1212 1948 peragitur
1226 1920 1240 1941 ,
1262 1884 1415 1947 asperi

126 1959 176 2007 su
201 1959 314 2023 picis
333 1995 347 2016 ‚
366 1971 417 2006 ut
440 1959 559 2005 odor
580 1958 695 2005 vino
729 1959 986 2021 contingat,
1014 1959 1063 2004 &
1096 1957 1265 2021 saporis
1283 1976 1412 2022 quae-

127 2032 227 2079 dam
245 2033 464 2079 acumina.
496 2031 821 2079 Vehementius
840 2031 885 2078 id
906 2029 1002 2077 fieri
1022 2031 1291 2079 arbitrantur
1308 2049 1414 2079 cru-

128 2105 190 2151 do
216 2103 329 2152 flore
364 2105 549 2162 resinae,
582 2104 856 2167 excitarique
892 2103 1137 2151 lenitatem.
1173 2107 1209 2151 E
1230 2104 1417 2152 diverso

128 2177 311 2243 crapula
338 2179 562 2243 compesci
581 2175 803 2226 feritatem
823 2178 1031 2237 nimiam,
1064 2177 1302 2243 frangique
1337 2178 1414 2225 vi·-

126 2266 226 2300 rus:
247 2264 324 2298 aut
342 2250 419 2298 ubi
448 2253 573 2317 pigra
590 2252 748 2299 lenitas
766 2263 945 2314 torpeat
961 2287 974 2310 ‚
996 2251 1120 2298 virus
1140 2248 1255 2296 addi.
1278 2249 1415 2313 Ligu-

125 2326 205 2374 riae
238 2324 430 2372 maxime
453 2325 907 2388 Circumpadanisque
930 2323 1081 2371 mustis
1103 2322 1295 2386 crapulae
1316 2324 1420 2369 uti--

123 2395 224 2446 litas
243 2397 503 2444 discernitur
521 2398 609 2446 hoc
629 2399 770 2446 modo
789 2417 798 2444 :
830 2399 1108 2462 pugnacibus
1134 2396 1286 2445 mustis
1314 2414 1410 2444 cra-

125 2470 246 2536 pulae
278 2469 379 2533 plus
424 2470 624 2529 inditur,
660 2470 833 2519 lenibus
870 2472 1058 2533 parcius.
1092 2473 1203 2518 Sunt
1236 2472 1314 2535 qui
1350 2485 1412 2519 ‘ex

190 2546 234 2592 C.
260 2548 378 2594 Plin.
407 2549 503 2592 Vol.
533 2547 617 2592 III.
868 2545 893 2569 ³
1123 2545 1164 2591 C
