1653 2797
143 160 202 205 66
421 158 773 206 C.PL1N11
823 159 1195 208 SECUNDI

141 283 402 332 quanquam
430 268 480 314 &
509 263 613 329 ipsae
642 263 912 328 nuptialium
934 264 1316 313 Fescenninorum
1351 283 1431 314 co-

141 342 271 389 mites
284 377 298 400 ,
321 340 511 388 multum
530 339 674 402 pineis
692 339 891 386 minores
911 339 1201 387 universitate
1213 376 1226 399 ,
1245 340 1430 387 eaedem-

141 430 233 476 que
262 411 480 475 portione
516 410 759 473 ampliores
796 410 977 458 nucleo.
1011 412 1110 459 Nec
1144 427 1240 458 non
1269 413 1319 459 &
1344 412 1433 459 ho—

142 503 231 532 nor
259 485 326 531 his
350 496 520 531 naturae
537 483 772 547 peculiaris
788 518 802 542 ‚
834 483 1015 547 gemino
1045 484 1260 547 protectis
1284 485 1434 547 operi-

139 569 326 616 mento,
354 555 582 621 pulvinati
614 555 808 619 primum
839 555 1037 619 calycis‚
1061 572 1174 602 mox
1194 556 1328 620 lignei
1348 574 1433 620 pu-

139 630 334 678 taminis.
386 631 504 691 Quae
543 629 670 677 causa
710 645 781 676 eas
821 628 990 691 nuptiis
1027 626 1135 675 fecit
1169 630 1432 693 religiosas,

140 718 213 754 tot
243 704 392 752 modis
430 703 548 751 foetu
587 703 801 750 munito:
845 703 973 766 quod
1010 701 1072 749 est
1109 702 1432 764 verisimilius,

137 797 273 844 quam
297 778 403 843 quia
425 778 628 825 cadendo
646 776 893 838 tripudium
915 774 1145 822 sonivium
1166 775 1347 823 saciant.
1374 780 1434 824 Et

138 854 217 900 has
260 869 284 900 e
324 851 499 899 Perside
533 867 557 897 a
604 850 779 913 regibus
823 848 1082 907 translatas,
1118 847 1292 896 indicio
1333 848 1435 897 sunt

139 929 304 974 Graeca
332 924 532 972 nomina.
572 922 815 985 Optimum
841 920 1010 985 quippe
1042 938 1196 968 earum
1220 922 1434 970 Persicon

139 1011 274 1062 atque
295 995 518 1043 Basilicon
539 1004 727 1042 vocant.
765 995 822 1039 Et
840 993 935 1039 haec
960 991 1085 1039 fuere
1113 993 1258 1056 prima
1283 995 1436 1042 nomi-

139 1087 210 1116 na.
239 1070 435 1133 Cat-yon
472 1083 498 1113 a
541 1065 712 1129 capitis,
735 1065 1010 1128 gravedine,
1048 1079 1238 1130 propter
1272 1069 1432 1116 odoris

136 1143 428 1208 gravitatem,
450 1139 671 1189 convenit
693 1139 870 1186 dictum.
891 1140 1153 1203 Tinguntur
1173 1141 1347 1189 cortice
1368 1158 1433 1189 ea-

138 1233 242 1262 rum
272 1215 413 1271 lanae,
434 1215 485 1263 &
512 1212 690 1260 rufatur
719 1211 908 1275 capillus
941 1213 1138 1275 primum
1165 1214 1435 1275 prodetmti-

138 1288 221 1335 bus
253 1287 464 1335 nuculiSt
497 1286 543 1333 id
577 1297 865 1347 compertum
905 1283 1079 1332 inseetis
1112 1286 1300 1333 tractatu
1335 1303 1434 1334 ma-

139 1360 288 1408 nibus.
329 1357 626 1423 Pinguescunt
654 1357 887 1404 vetustate.

201 1432 309 1480 Sola
335 1431 586 1478 differentia
613 1446 828 1493 generum
858 1430 904 1475 in
935 1430 1164 1493 putamine
1191 1431 1308 1477 duro
1340 1433 1380 1479 fr
1383 1450 1431 1479 a-

137 1505 306 1571 gilive‚
325 1503 518 1552 &tenui
545 1519 596 1549 ac
629 1501 802 1560 crasse,
827 1501 1034 1548 loculoso
1055 1505 1105 1550 &
1124 1503 1326 1566 simplici.
1346 1506 1430 1551 So-

140 1580 238 1626 lum
276 1579 369 1625 hoc
411 1594 599 1641 pomum
641 1562 798 1622 natura
842 1577 1099 1639 compaffili
1145 1579 1434 1640 operimento

142 1651 309 1700 clausit.
359 1651 568 1714 Namque
603 1651 702 1696 sunt
731 1647 881 1695 bifidae
912 1649 1192 1711 putaminum
1234 1651 1397 1697 carinae
1418 1687 1432 1710 ‚

138 1725 496 1787 nucleorumque
524 1722 611 1770 alia
643 1722 964 1786 quadripartita
1000 1722 1222 1769 distinctio
1244 1759 1258 1781 ,
1287 1723 1432 1787 lignea

141 1795 465 1845 intercursante
496 1797 769 1843 membrana.
804 1796 976 1844 Ceteris
1005 1796 1222 1860 quidquid
1248 1796 1337 1855 est,
1359 1797 1434 1843 so-

142 1874 285 1920 lidum
317 1871 400 1932 est,
429 1884 479 1919 ut
509 1873 556 1918 in
586 1871 830 1930 avellanis‚
850 1870 1019 1933 &ipso
1055 1886 1221 1916 nucum
1250 1886 1435 1932 genere,

144 1963 255 2009 quas
276 1958 406 1993 antea
428 1947 657 1993 Abellinas
675 1946 820 2009 patrio
851 1944 1038 1990 nomine
1055 1942 1354 2006 appellabant.
1386 1946 1437 1988 ln

146 2017 293 2064 Asiam
325 2019 640 2081 Graeciamque
669 2035 692 2064 e
721 2018 873 2064 Ponto
897 2032 1097 2075 venere,
1116 2016 1166 2062 &
1192 2016 1295 2062 ideo
1315 2017 1435 2061 Pon-

144 2092 247 2140 ticae
279 2107 415 2138 nuces
449 2103 693 2138 vocantur.
731 2089 822 2138 Has
850 2106 1037 2155 quoque
1062 2088 1212 2136 mollis
1238 2089 1436 2152 protegit

148 2164 298 2213 barba.
339 2163 425 2210 Sed
455 2163 675 2226 putamini
713 2163 971 2229 nucleisque
1007 2162 1148 2209 solida
1181 2163 1434 2210 rottmditas

148 2237 276 2285 inest.
318 2238 394 2284 Eae
428 2238 478 2284 &
511 2248 752 2284 torrentur.
803 2235 1057 2284 Umbilicus
1097 2236 1185 2282 illis
1227 2235 1347 2283 intus
1387 2235 1434 2281 in

150 2323 311 2360 ventre
336 2310 502 2357 medio.
531 2309 687 2356 Tertia
719 2310 774 2357 ab
796 2308 864 2359 his
892 2320 1049 2355 natura
1075 2308 1322 2373 amygdalis
1337 2345 1353 2368 ‚
1370 2320 1434 2355 te·

151 2383 312 2430 nuiore
327 2419 342 2441 ,
368 2383 442 2429 sed
470 2380 600 2430 fimili
622 2380 899 2446 iuglandium
917 2379 1090 2427 summo
1114 2381 1399 2443 operimento
1420 2397 1430 2425 :

150 2457 258 2504 item
291 2455 487 2506 secundo
519 2455 774 2521 putaminis.
810 2455 1009 2506 Nucleus
1044 2455 1258 2503 diffimilis
1285 2454 1429 2502 latitu-
