1653 2797
280 133 570 180 NATUR.
597 130 911 179 HISTOR.
938 132 1074 179 LIB.
1110 130 1273 179 XIX.
1345 147 1434 197 333

160 241 326 289 fecerat
348 253 504 288 natura
529 238 740 286 corrudas
754 273 767 297 ,
796 250 846 285 ut
869 238 1052 303 quisque
1080 241 1320 287 demeteret
1339 239 1439 303 pas-

159 314 251 361 sim.
289 314 404 360 Ecce
435 311 574 359 altiles
607 309 851 372 spe&ant11r
879 312 1073 375 asparagi
1099 330 1110 359 τ
1142 315 1192 360 &
1220 313 1439 360 Ravenna

159 397 314 431 ternos
342 383 465 430 libris
491 380 708 444 rependit.
751 381 852 427 Heu
881 383 1087 445 prodigia
1120 385 1294 431 ventris
1315 384 1326 431 l
1347 385 1438 431 Mi-

159 473 259 502 rum
292 455 395 500 effet
423 469 519 500 non
551 452 685 499 licere
705 453 863 515 pecori
887 455 1059 500 carduis
1090 455 1235 502 vesci:
1268 473 1363 502 non
1385 456 1439 502 li-

161 541 231 575 cet
252 527 384 590 plebi.
416 529 556 590 Aquae
584 542 768 589 quoque
802 525 1087 589 separantur,
1116 530 1166 574 &
1195 528 1284 591 ipsa
1312 543 1439 576 natu-

159 619 220 648 rae
238 600 454 646 elementa
476 600 523 646 vi
543 599 746 662 pecuniae
765 599 951 646 discreta
971 599 1082 646 sunt.
1109 601 1168 646 Hi
1191 602 1320 649 nives
1335 641 1351 661 ,
1373 604 1438 650 illi

158 673 345 738 glaciem
374 684 536 736 potant
556 708 570 731 ‚
602 672 847 736 poenasque
880 675 1106 720 montium
1140 674 1186 721 in
1226 676 1439 739 volupta-

155 761 248 795 tem
282 748 396 811 gulae
432 757 629 794 vertunt.
675 747 888 794 Servatur
912 746 1038 810 algor
1068 747 1267 806 aestibus,
1297 766 1440 796 exco—

160 821 415 886 gitaturque
452 832 500 866 ut
534 818 689 865 alienis
723 817 942 865 mensibus
979 818 1060 864 nix
1089 819 1244 883 algeat.
1280 822 1441 868 Deco-

159 906 306 960 quunt
336 893 412 939 alii
432 909 594 957 aquas:
622 909 732 939 mox
753 894 802 941 &
828 893 922 939 illas
946 893 1158 940 hiemant.
1197 894 1327 941 Nihil
1355 896 1441 942 uti-

161 986 248 1033 que
281 967 457 1014 homini
490 967 573 1025 fic,
611 967 849 1030 quomodo
892 983 1041 1013 rerum
1078 978 1245 1013 naturae
1278 967 1440 1031 placet.

162 1043 363 1090 Etiamne
392 1041 528 1087 herba
552 1040 699 1103 aliqua
718 1039 890 1088 divitiis
909 1052 1084 1087 tantum
1103 1040 1327 1089 nascitur?
1350 1043 1443 1089 Ne-

160 1132 238 1164 mo
271 1116 427 1161 Sacros
463 1113 804 1177 Aventinosque
836 1125 1040 1172 montes,
1075 1115 1126 1160 &
1153 1114 1275 1161 iratae
1300 1115 1442 1178 plebis

163 1187 345 1235 seceffus
376 1184 764 1248 circumspexerit:
790 1202 901 1232 mox
931 1186 1050 1232 enim
1073 1199 1192 1233 certe
1219 1188 1442 1250 aequabit,

163 1276 278 1324 quos
311 1258 501 1320 pecunia
540 1256 824 1321 separaverit.
874 1261 1025 1321 Itaque
1054 1257 1236 1305 hercule
1269 1259 1441 1307 nullum

165 1333 340 1381 macelli
378 1332 569 1396 veffigal
600 1331 741 1392 majus
774 1331 859 1385 fuit
892 1333 1080 1390 Romae,
1119 1333 1315 1380 clamore
1344 1335 1442 1397 ple-

163 1407 232 1454 bis
258 1404 498 1452 incusantis
518 1404 634 1468 apud
661 1420 818 1451 omnes
845 1404 1096 1467 Principes,
1117 1405 1263 1453 donec
1293 1407 1443 1453 remis-

165 1480 258 1527 sum
294 1479 355 1526 est
390 1480 647 1543 portorium
679 1478 838 1526 mercis
875 1477 1033 1540 hujus:
1073 1492 1443 1545 compertumque

165 1570 261 1600 non
279 1554 404 1600 aliter
423 1552 708 1617 quaestuofius
729 1551 907 1598 censum
928 1552 1080 1598 haberi
1103 1564 1179 1599 aut
1200 1553 1338 1600 tutius
1354 1591 1367 1612 ‚
1393 1573 1443 1602 ac

165 1626 342 1673 minore
367 1623 563 1670 fortunae
589 1622 684 1685 jure
699 1659 712 1683 ‚
735 1641 837 1670 cum
858 1624 1067 1671 credatur
1088 1624 1241 1688 pensio
1267 1643 1317 1672 ea
1340 1644 1446 1689 pau·-

165 1715 337 1762 perum.
376 1700 414 1745 Is
443 1697 490 1744 in
516 1696 616 1744 solo
641 1696 832 1761 sponsor
850 1697 936 1755 est,
969 1698 1020 1745 &
1046 1698 1123 1744 sub
1142 1699 1219 1744 dio
1249 1700 1444 1760 reditus,

167 1770 508 1835 superficiesque
533 1771 647 1818 caelo
674 1787 949 1834 quocunque
980 1772 1188 1834 gaudens.

253 1859 294 1906 3.
324 1846 576 1891 Hortorum
607 1846 725 1891 Cato
757 1844 969 1908 praedicat
1005 1845 1162 1891 caules,
1198 1845 1317 1893 Hinc
1349 1848 1444 1910 pri-

168 1934 295 1964 mum
331 1916 542 1980 agricolae
579 1916 907 1963 aestimabantur
939 1917 1097 1980 prisci,
1128 1919 1178 1964 δέ
1211 1918 1269 1964 sic
1302 1918 1445 1966 statim

168 1990 390 2038 faciebant
417 1989 634 2052 judicium
653 2026 667 2048 ,
701 2007 894 2054 nequam
923 1991 1007 2036 effe
1032 1991 1078 2036 in
1098 1991 1236 2037 domo
1259 2005 1444 2040 matrem

168 2064 378 2122 familias,
398 2062 587 2128 (etenim
606 2063 701 2110 haec
725 2080 831 2110 cura
855 2063 1031 2110 feminae
1059 2064 1347 2129 dicebatur‚)
1368 2067 1445 2114 ubi

170 2138 408 2203 indiligens
426 2138 530 2184 esset
550 2137 729 2185 hortus:
757 2138 922 2201 quippe
948 2156 972 2185 e
989 2139 1194 2186 carnario
1214 2175 1228 2198 ,
1251 2153 1328 2185 aut
1349 2159 1448 2187 ma⁴

171 2211 288 2258 cello
330 2210 579 2258 vivendum
615 2210 727 2259 effe„
755 2210 840 2256 Sed
872 2227 956 2257 nec
996 2211 1142 2258 caules
1162 2247 1176 2270 ,
1209 2224 1261 2257 ut
1295 2228 1445 2271 nunc,

169 2286 365 2332 maxime
393 2285 643 2348 probabant
660 2321 674 2344 ‚
708 2285 964 2332 damnantes
999 2286 1293 2349 pulmentaria
1311 2320 1324 2343 ‚
1346 2303 1446 2350 quae

173 2370 353 2423 egerent
388 2357 479 2405 alio
517 2356 848 2420 pulmentario:
887 2357 933 2404 id
969 2370 1063 2405 erat
1092 2358 1198 2405 oleo
1235 2374 1445 2421 parcere:

172 2450 271 2480 nam
299 2432 392 2497 gari
429 2432 637 2480 desideria
677 2433 813 2480 etiam
849 2432 895 2480 in
923 2432 1275 2496 exprobratione
1307 2445 1445 2480 erant.
