1653 2797
232 167 502 219 NATUR.
542 169 861 217 HISTOR.
906 171 1222 219 URXVL
1310 186 1396 233 139

121 280 312 338 Validae,
333 280 450 327 abies
467 315 480 338 ‚
505 279 644 335 larix,
664 278 796 323 etiam
824 277 869 323 in
901 279 1200 328 transversum
1228 278 1399 342 pofitae.

121 352 282 398 Robur
301 388 316 411 ,
340 352 466 409 olea,
493 352 788 396 incurvantur
818 350 1073 415 ceduntque
1106 353 1310 419 ponderi.
1343 351 1398 397 Il-

122 426 174 471 lae
211 427 490 482 renituntur,
528 439 610 469 nec
647 434 810 470 temere
851 437 1149 487 rumpuntur:
1187 425 1397 489 priusque

122 500 238 549 carie
254 536 267 556 ‚
283 512 415 562 quam
436 496 608 544 viribus
628 495 853 543 deficiunt.
882 496 937 542 Et
957 496 1115 559 palmae
1133 499 1267 544 arbor
1286 498 1400 545 vali-

120 572 173 618 da
197 590 207 618 :
235 571 281 616 in
311 568 536 616 diversum
563 569 686 616 enim
711 580 956 617 curvatur:
982 571 1032 616 ὃς
1059 569 1271 631 populus.
1306 572 1397 617 Ce-

119 657 208 692 tera
235 644 390 691 onmia
412 644 627 691 inferiora
654 645 903 708 pandantur
924 661 934 690 :
961 642 1106 706 palma
1124 660 1148 690 e
1166 646 1401 691 contrario

118 719 390 766 foi-uicatim.
425 719 561 764 Pinus
589 719 640 765 &
666 717 889 781 cupreffus
915 716 1126 764 adversus
1154 718 1316 765 cariem
1342 718 1397 764 ti-

117 790 307 855 neasque
339 789 608 837 firmiffimae.
643 790 787 838 Facile
815 789 1032 852 pandatur
1057 788 1259 854 juglans:
1283 789 1398 836 flunt

115 863 235 910 enim
255 865 305 911 &
334 880 395 910 ex·
414 880 464 912 ea
492 863 653 910 trabes.
693 862 852 926 Frangi
877 861 919 909 se
944 863 1215 925 praenuntiat
1237 862 1395 924 strepi-

115 949 193 988 tu:
227 937 354 1001 quod
386 936 432 982 in
458 935 696 982 Antandro
727 934 915 992 accidit,
940 952 1042 983 cum
1062 951 1085 981 e
1106 934 1274 982 balneis
1304 947 1396 981 ter-

115 1010 190 1056 riti
211 1009 323 1056 sono
343 1008 661 1072 profugerunt.
686 1008 848 1066 Pinus,
868 1009 1006 1071 piceae
1020 1044 1033 1066 ,
1052 1007 1165 1067 alni,
1184 1008 1239 1054 ad
1259 1026 1393 1072 aqua·

112 1099 215 1128 rum
240 1082 397 1132 ductus
425 1080 472 1127 in
494 1080 631 1129 tubos
661 1093 891 1128 cavantur.
934 1082 1126 1129 Obrutae
1150 1093 1268 1129 terra
1294 1081 1395 1145 plu>a

112 1152 237 1199 rimis
265 1153 428 1199 durant
455 1151 596 1199 annis.
631 1153 809 1200 Eaedem
838 1153 870 1200 fi
894 1170 991 1200 non
1017 1154 1302 1218 integantur‚
1326 1153 1394 1201 ci-

112 1238 162 1272 to
197 1226 457 1290 senescunt:
491 1225 657 1272 mirum
685 1225 733 1273 in
760 1226 948 1277 modum
972 1226 1214 1285 fortiores,
1242 1226 1274 1272 fi
1307 1226 1393 1273 hu-=

110 1317 214 1347 mor
241 1312 368 1347 extra
387 1293 584 1364 ‘'quoque
612 1299 810 1362 supersit.

198 1373 429 1420 LXXXII.
468 1371 729 1419 Firmissima
759 1372 806 1418 in
835 1374 1005 1420 re&um
1042 1370 1176 1421 abies.
1224 1372 1391 1421 Eadem

108 1448 350 1495 valvarum
385 1445 632 1510 repagulis,
662 1447 713 1493 &
747 1446 803 1495 ad
834 1463 1118 1510 quaecunque
1152 1447 1288 1494 libeat
1318 1448 1393 1494 in-

108 1520 265 1568 testina
293 1537 432 1584 opera
461 1519 704 1583 aptiffima,
730 1519 825 1568 five
856 1522 1048 1579 Graeco,
1073 1520 1168 1566 five
1194 1522 1393 1584 Campa—

108 1611 171 1641 no
192 1631 205 1653 ‚
235 1594 328 1641 five
362 1594 514 1641 Siculo
550 1592 731 1641 fabricae
770 1592 875 1639 artis
911 1609 1072 1657 genere
1110 1592 1392 1656 spectabilis:

107 1677 417 1714 ramentorum
457 1663 677 1721 crinibUS‚
710 1664 967 1727 pampinato
999 1667 1169 1732 semper
1201 1668 1314 1715 orbe
1348 1667 1392 1714 se

110 1740 308 1788 volvens
343 1739 399 1786 ad
431 1736 642 1786 incitatos
683 1737 972 1792 runcinarum
1009 1753 1176 1804 raptus.
1224 1741 1392 1788 Eadem

108 1815 158 1865 ὅ(
184 1811 385 1859 curribus
415 1810 607 1858 maxime
638 1808 861 1856 sociabilis
883 1811 1088 1875 glutino:
1116 1812 1164 1858 in
1190 1824 1389 1872 tantum,

109 1897 158 1932 ut
184 1883 377 1931 findatur
405 1895 507 1933 ante
527 1917 540 1941 ‚
566 1899 655 1945 qua
684 1880 824 1930 solida
858 1883 936 1931 est.
1245 1913 1257 1928 .

173 1957 425 2006 LXXXIII.
455 1958 620 2019 Magna
650 1967 797 2003 autem
818 1957 868 2006 ὅ(
895 1956 1058 2022 glutini
1085 1959 1226 2017 ratio,
1246 1975 1388 2023 prop-·

106 2042 174 2077 ter
208 2047 259 2079 ea
298 2045 400 2094 quae
433 2028 654 2075 sectilibus
691 2028 899 2088 laminis,
931 2048 983 2079 ac
1018 2032 1064 2079 in
1100 2032 1190 2079 alio
1224 2050 1388 2097 genere

107 2104 391 2168 operiuntur.
413 2101 683 2149 stamineam
704 2100 752 2146 in
772 2101 864 2149 hoc
880 2103 960 2151 usu
982 2106 1179 2168 probant
1197 2123 1386 2165 venam,

108 2179 158 2230 &
179 2188 352 2224 vocant
369 2175 607 2233 feruleam,
631 2188 895 2239 argumento
922 2177 1247 2238 similitudinis,
1267 2197 1387 2243 quo-

106 2250 224 2296 niam
258 2247 469 2295 laciniose
502 2247 670 2310 cripsa,
699 2248 745 2294 in
780 2250 907 2296 omni
937 2268 1111 2315 genere.
1158 2255 1216 2300 Et
1248 2253 1386 2316 gluti-

106 2340 214 2369 num
241 2321 450 2369 abdicant
473 2321 700 2384 quaedam,
721 2324 772 2371 ὅ(
793 2322 909 2371 inter
937 2323 978 2372 se
1005 2327 1056 2374 &
1076 2344 1178 2374 curn
1201 2326 1296 2372 aliis
1318 2324 1386 2371 in-

105 2395 337 2446 sociabilia
369 2394 575 2458 glutino,
609 2395 721 2444 ficut
753 2396 896 2445 robur
924 2417 935 2446 ε
980 2416 1064 2447 nec
1104 2399 1197 2448 fere
1229 2397 1382 2445 cohae-

104 2482 231 2531 rent,
259 2469 341 2516 nisi
385 2467 552 2534 sunnia
571 2481 756 2519 natura:
793 2482 842 2518 ut
876 2470 909 2519 fi
941 2473 1040 2538 quis
1072 2470 1262 2534 lapidem
1297 2469 1382 2534 lig»-
1437 2483 1441 2488 ’
