1653 2797
286 188 571 237 NATUR.
608 184 904 236 HISTOR.
939 185 1263 259 LIB⁴.XV1¹.
1348 202 1428 232 121

153 317 259 349 nere
285 298 457 348 diversa
475 295 640 345 omnia.
661 295 718 340 Et
737 292 785 339 in
807 292 1076 341 versicolori
1104 294 1187 342 alia
1213 292 1437 341 tenuiori·-

150 375 232 421 bus
259 373 402 431 foliis,
420 374 468 418 &
486 367 684 416 fimiliter
713 364 933 412 ordinatis
963 367 1326 431 densioribusque
1345 366 1407 412 est
1422 384 1436 413 :

149 446 274 492 alteri
294 441 444 508 generi
457 438 655 503 neglecta
667 436 764 485 haec
784 436 952 485 omnia.
968 436 1142 498 Majora
1159 455 1341 503 quoque
1357 450 1437 486 aut

150 519 325 566 minora
342 515 442 564 sunt
460 513 594 570 folia,
614 511 980 575 macularumque
1005 511 1160 558 habitu
1178 513 1361 559 distant:
1385 514 1437 560 δε

149 592 198 638 in
229 588 426 636 candidis
451 586 534 633 alia
565 585 665 631 sunt
694 584 970 635 candidiora.
1001 585 1233 636 Adolescit
1259 586 1308 634 in
1330 586 1436 634 Ion-

149 661 395 726 gitudinem
420 658 615 705 maxime
650 657 881 707 herbacea.

213 735 414 782 Arbores
447 744 596 780 autem
627 742 756 778 necat
786 732 1000 789 candida,
1029 749 1303 796 omnemque
1332 733 1434 780 suc·-

148 826 253 856 cum
270 806 527 867 ‚auferendo
561 816 684 852 tanta
716 805 1000 854 craflitudine
1030 817 1239 870 augetur,
1270 818 1320 852 ut
1343 806 1436 869 ipsa

146 883 283 930 arbor
317 881 404 933 fiat,
436 881 570 944 Signa
605 879 701 943 ejus
721 917 734 938 ‚
753 879 863 927 folia
891 881 1086 928 maxima
1112 894 1245 945 atque
1279 880 1436 928 latiffi-

145 972 251 1013 ma,
284 969 495 1002 mammas
544 952 755 1015 erigentis
776 987 790 1010 ‚
828 970 928 1015 quae
969 951 1071 999 sunt
1106 954 1263 1000 ceteris
1300 952 1434 1000 infle-

145 1043 238 1072 xae:
262 1025 426 1072 racemi
445 1024 606 1070 stantes
625 1059 640 1082 2
666 1041 716 1070 ac
737 1023 939 1071 subrecti.
975 1027 1031 1071 Et
1049 1042 1304 1089 quanquam
1329 1042 1433 1072 om·-

146 1099 273 1145 nium
311 1099 541 1147 ederarum
581 1097 734 1161 generi
770 1097 970 1145 radicosa
1001 1098 1203 1157 brachia,
1231 1099 1336 1146 huic
1364 1111 1436 1145 ta-

145 1189 250 1219 men
275 1173 471 1219 maxime
500 1170 674 1218 ramosa
695 1187 744 1217 ac
772 1171 954 1218 robusta
977 1191 988 1218 ε
1021 1172 1075 1219 ab
1093 1189 1143 1218 ea
1165 1172 1318 1235 nigrae.
1348 1174 1435 1219 Sed

146 1247 387 1310 proprium
407 1246 518 1293 albae
531 1281 545 1303 ,
563 1245 688 1308 quod
707 1245 823 1291 inter
842 1246 988 1292 media
1011 1245 1122 1293 folia
1146 1246 1310 1293 emittit
1328 1247 1435 1293 bra-

147 1319 251 1366 chia
266 1356 282 1377 ,
306 1318 516 1382 utrinque
544 1317 716 1380 semper
737 1315 1005 1380 amplectens
1027 1335 1036 1363 ε
1061 1316 1151 1364 hoc
1180 1319 1229 1364 &
1258 1317 1305 1364 in
1328 1334 1432 1363 mu·-

144 1393 233 1453 τὶς,
256 1394 464 1458 quamvis
491 1392 660 1440 ambire
690 1408 785 1438 non
816 1391 1133 1456 poffit.1taque
1165 1392 1299 1440 etiam
1327 1392 1434 1455 plu-

143 1466 269 1514 ribus
312 1466 428 1514 Iocis
462 1465 700 1524 intercisa,
731 1464 855 1513 vivit
896 1475 1045 1510 tamen
1082 1464 1299 1527 duratque
1330 1482 1340 1511 :
1383 1467 1434 1513 &

140 1539 333 1587 totidem
365 1540 493 1586 initia
531 1539 732 1586 radicum
767 1537 927 1596 habet,
947 1550 1063 1602 quot
1091 1537 1300 1596 brachia,
1329 1538 1434 1601 qui-

141 1611 224 1660 bus
270 1611 513 1659 incolumIS
554 1613 606 1660 &
649 1609 791 1661 solida
826 1611 1008 1658 arbores
1041 1610 1155 1675 sugit
1194 1629 1246 1658 ac
1291 1611 1435 1660 stran-

143 1686 279 1751 gulat.
319 1687 392 1734 Est
423 1689 473 1734 δε
507 1687 554 1733 in
587 1685 734 1732 fructu
772 1685 1023 1732 differentia
1053 1686 1166 1732 albae
1197 1685 1428 1751 nigraeque

141 1760 285 1807 eder-ae
316 1778 326 1806 τ
366 1760 586 1824 quoniam
621 1759 719 1806 aliis
750 1771 874 1805 tanta
909 1759 1164 1809 amaritudo
1200 1759 1350 1818 acini,
1377 1771 1430 1808 ut

141 1848 247 1878 ave-s
274 1849 370 1879 non
399 1832 631 1896 attingant.
664 1831 737 1878 Est
768 1833 818 1881 &
846 1831 994 1894 rigens
1024 1831 1184 1890 edera,
1210 1849 1310 1896 quae
1335 1832 1429 1879 fine

144 1905 422 1952 adminiculo
448 1905 560 1964 stat,
583 1905 677 1952 sola
704 1905 910 1951 omnIum
941 1922 1155 1969 generum
1180 1905 1242 1953 ob
1269 1906 1315 1952 id
1334 1924 1427 1953 vo-

143 1990 240 2027 cata
272 1978 421 2026 ciffos.
466 1981 504 2029 E
535 1977 715 2029 diverso
746 1995 974 2043 nunquam
1007 1978 1088 2028 nifi
1118 1977 1243 2029 humi
1266 1996 1428 2043 repens

144 2050 459 2099 ehamaeciffos.

205 2125 358 2172 LXIII.
387 2124 550 2172 Simili-s
581 2125 642 2171 est
664 2126 833 2184 ederae,
855 2141 881 2172 e⁴
901 2125 1060 2173 Cicilia
1091 2126 1287 2189 primum
1319 2127 1425 2191 qui*

142 2199 242 2245 dem
278 2199 503 2262 profe6ta‚
539 2199 612 2246 sed
651 2201 698 2246 in
739 2200 917 2248 Graecia
954 2200 1262 2264 frequenti-or,
1289 2219 1431 2264 quam

139 2286 315 2320 vocant
332 2274 579 2333 smiheem,
599 2274 740 2321 densis
761 2275 1014 2339 geniculata
1033 2275 1231 2323 caulibus
1244 2312 1257 2334 ‚
1274 2276 1424 2338 spino

140 2346 192 2394 fis
212 2347 446 2396 fruteEIosa
464 2349 615 2408 ramis,
635 2349 751 2396 folio
774 2349 990 2397 ederaceo
1005 2386 1017 2408 ‚
1037 2367 1209 2412 parvo,
1231 2365 1327 2394 non
1344 2366 1427 2394 an—

140 2420 300 2483 guloso
319 2459 332 2481 ‚
355 2439 379 2469 a
396 2421 609 2484 pediculo
636 2422 867 2470 emittente
887 2422 1125 2485 pampinos
1145 2458 1157 2477 ‚
1180 2421 1293 2467 flore
1313 2439 1420 2468 can-

137 2491 243 2539 dido
263 2533 278 2554 ‚
308 2494 460 2545 olente
495 2494 654 2543 lilium.
694 2497 795 2544 Fert
828 2512 1033 2543 racemos
1063 2493 1277 2541 labrusca:
1312 2512 1418 2541 mo·
