1653 2797
280 186 364 235 192
548 169 885 227 CPLINII
927 169 1299 218 SECUNDI'

342 294 378 343 5.
408 277 480 324 Est
505 279 553 324 ὃ(
580 276 806 323 luxuriosa
833 277 947 323 ratio
972 277 1086 323 vites
1119 276 1322 336 serendi,
1351 287 1401 324 ut
1431 293 1543 343 qua-

272 366 379 401 tuor
397 351 594 398 malleoli
612 351 871 397 vehementi
886 351 1075 406 vinculo
1095 351 1364 415 colligentur
1379 350 1425 402 in
1442 369 1541 415 par·
1559 351 1561 355 ’

270 439 313 472 16
348 424 576 471 luxriosa:
612 436 744 488 atque
769 417 829 470 ita
860 423 935 470 vel
964 441 1043 487 per
1065 425 1155 471 ofl'a
1181 423 1338 472 bubuli
1373 425 1542 484 cruris,

271 498 348 544 vel
369 514 448 559 per
466 496 584 544 colla
610 495 759 543 fictilia
787 495 977 559 trajecti,
1013 498 1260 544 obruantur
1284 497 1401 562 binis
1431 497 1540 562 emi-

267 571 472 618 nentibus
490 570 686 635 gemmis.
722 570 996 617 Hu'mescunt
1030 571 1119 618 hoc
1136 571 1276 620 modo
1291 607 1304 629 ‚
1322 570 1538 633 recisique

266 644 494 707 palmitem
533 644 755 690 emittunt.
808 641 964 688 Postea
992 640 1301 695 fistula-fratta
1331 643 1459 689 radix
1484 643 1543 689 li-

268 720 370 765 bere
404 718 522 782 capit
550 719 670 765 vires
687 753 700 774 ‚
738 733 919 780 uvaque
946 715 1031 762 fert
1054 717 1259 764 omnium
1294 734 1541 780 corporum

265 793 445 839 suorum
463 791 631 839 acinos.
669 793 717 836 In
741 790 831 836 alio
859 806 1018 852 genere
1041 789 1231 836 inventu
1249 790 1429 836 novitio
1451 789 1539 839 fin-

265 867 385 912 ditur
417 863 651 912 malleolus
669 900 682 922 ‚
710 864 987 927 medullaque
1014 863 1158 922 erasa,
1181 863 1226 909 in
1248 862 1289 910 se
1321 863 1539 927 colligan-

265 954 339 985 tur
365 938 444 1000 ipfi
459 938 638 1002 caules,
672 935 734 982 ita
767 947 818 982 ut
850 935 1034 999 gemmis
1065 947 1270 998 parcatur
1288 934 1413 981 omni
1434 952 1539 982 mo-

265 1011 338 1056 do.
358 1011 477 1055 Tum
496 1007 730 1055 malleolus
758 1007 804 1052 in
836 1019 952 1053 terra
975 1006 1085 1053 fimo
1116 1007 1255 1053 mixta
1279 1006 1438 1054 seritur
1455 1043 1468 1066 ‚
1489 1009 1540 1056 &

265 1097 368 1126 cum
394 1079 594 1142 spargere
620 1079 761 1142 coepit
788 1078 931 1125 caules
949 1114 962 1136 ‚
995 1078 1239 1135 deciditur,
1277 1077 1546 1142 foditurque,

263 1152 433 1215 saepius.
462 1151 585 1199 Talis
616 1169 717 1198 uvae
749 1151 904 1198 acinos
942 1151 1056 1197 nihil
1088 1150 1206 1198 intus
1232 1151 1340 1214 ligni
1361 1151 1538 1199 habitu-

262 1243 338 1273 ros
369 1224 623 1272 Columella
643 1225 895 1288 promittit:
933 1235 1037 1272 cum¹
1069 1225 1229 1271 vivere
1258 1224 1424 1271 semina
1449 1225 1540 1288 ipsa

261 1315 474 1361 perquam
510 1297 671 1344 mirum
701 1297 781 1356 fit,
819 1296 1015 1343 medulla
1047 1297 1232 1344 ademta.
1278 1295 1410 1343 Nasci
1447 1295 1538 1344 sur·

262 1372 388 1418 culos
425 1351 586 1428 etiami,
630 1370 790 1434 qubus
828 1386 922 1416 non
954 1368 1008 1415 fit
1048 1368 1299 1416 articulatio
1327 1368 1536 1428 arboris,

260 1460 355 1489 non
393 1443 691 1488 omittendum
731 1443 922 1491 videtur.
977 1443 1178 1505 Namque
1223 1442 1330 1488 buxi
1369 1441 1535 1489 tenuis-

259 1516 374 1562 fimis
403 1515 549 1577 quinis
582 1515 752 1561 senisve
787 1515 891 1561 6011.
899 1515 1007 1578 gatis
1035 1515 1204 1577 depacti
1236 1516 1533 1577 proveniunt.

259 1588 506 1647 Quondam
536 1587 582 1632 in
606 1586 924 1634 observatione
954 1599 1074 1646 erat,
1095 1604 1145 1634 ut
1174 1587 1531 1652 defringerentur

258 1677 314 1706 ex
339 1660 554 1722 imputata
580 1659 705 1704 buxo
726 1694 740 1715 ,
773 1658 897 1704 aliter
920 1657 1078 1705 vivere
1103 1674 1199 1704 non
1233 1659 1429 1706 creditit
1450 1660 1529 1707 de-

256 1749 431 1781 traxere
463 1735 552 1785 hoc
575 1733 903 1795 experimenta.

296 1809 339 1855 6.
358 1807 590 1854 Seminarii
608 1825 759 1854 curam
781 1805 977 1870 sequitur
991 1805 1226 1852 vinearum
1240 1805 1371 1852 ratio.
1390 1807 1529 1867 Quin-

255 1896 343 1943 que
371 1895 584 1941 generum
613 1878 704 1924 hae:
738 1877 903 1939 Sparsis
935 1894 1012 1940 per
1044 1890 1207 1923 terram
1242 1877 1528 1939 palmitibus,

254 1965 331 1998 aut
351 1968 428 2014 per
460 1950 502 1996 se
531 1950 623 1996 vite
657 1950 873 2008 1111316613,
903 1950 979 1996 vel
1008 1968 1111 1997 cum
1138 1949 1412 1996 adminiculo
1437 1950 1527 1998 fine

252 2023 360 2086 jugo
376 2059 389 2080 ,
414 2036 487 2069 aut
518 2023 688 2085 pedatae
710 2022 897 2085 simplici
924 2021 1031 2085 jugo
1051 2058 1064 2080 ‚
1096 2034 1170 2068 aut
1206 2020 1527 2083 compluviatae

252 2097 548 2159 quadruplici.
581 2099 697 2157 Quae
727 2097 897 2160 pedatae
926 2097 1043 2143 ratio
1079 2097 1187 2154 6111,
1214 2096 1367 2142 eadem
1395 2095 1527 2142 intel-

253 2168 407 2232 ligitur
443 2168 535 2230 ejus
568 2188 775 2234 quoque,
810 2172 855 2217 in
883 2189 970 2236 qua
997 2172 1086 2217 fine
1117 2169 1390 2217 adminiculo
1419 2169 1526 2216 vitis

252 2258 331 2303 per
354 2241 394 2288 se
422 2242 562 2288 stabit.
597 2244 645 2289 Id
665 2244 783 2290 enim
804 2262 899 2291 non
927 2244 1001 2303 fit,
1031 2244 1112 2290 nifi
1139 2243 1391 2309 pedamenti
1416 2244 1521 2290 ino-

250 2313 337 2376 pia.
363 2313 560 2375 Simplici
590 2313 697 2377 jugo
728 2318 902 2362 constat
932 2318 1140 2379 porrecto
1176 2316 1362 2373 ordine,
1389 2331 1520 2378 quem

253 2387 498 2433 canterium
525 2389 762 2450 appellant.
790 2390 955 2436 Melior
981 2407 1029 2436 ea
1061 2391 1172 2436 vino
1189 2426 1202 2447 ‚
1230 2388 1408 2453 quando
1441 2387 1519 2434 fibi

252 2458 343 2520 ipsa
374 2475 468 2505 non
503 2460 772 2519 obumbrat,
803 2461 1059 2526 assiduoque
1092 2462 1193 2509 Sole
1216 2459 1448 2524 coquitur,
1471 2462 1520 2507 &c
