1653 2797
261 186 352 233 206
527 183 582 230 Ε,
630 181 890 229 PL1N11
935 180 1308 233 SECUNDI

253 290 416 340 racinis
435 327 449 350 ,
483 308 582 354 quae
606 291 786 338 alternis
817 303 1026 353 putantur
1054 292 1210 339 annis}
1245 309 1340 339 non
1360 291 1462 357 quia
1479 287 1526 340 id

252 366 341 412 viti
360 365 613 419 conducat,
636 364 708 410 sed
731 364 835 427 quia
860 365 1057 422 vilitate,
1083 365 1273 411 reditum
1301 365 1526 428 impendia

249 437 527 499 exsuperant.
551 437 759 484 ‘Medium
788 449 1187 500 temperamentum
1214 438 1261 484 in
1291 436 1526 484 Carseola-

249 527 316 557 no
339 510 580 574 sequuntur
600 527 610 557 ε
636 510 908 573 cariosasque
929 522 1101 557 tantum
1127 511 1233 557 vitis
1258 521 1403 572 partes
1420 542 1434 566 ,
1453 509 1524 554 in‘⁵

249 582 552 647 cipientesque
571 583 812 630 inarescere
831 584 1111 645 deputando,
1133 583 1289 629 ceteris
1311 583 1366 628 ad
1385 598 1523 628 uvam

247 656 433 716 reneis,
453 657 647 704 detraElo
670 673 807 702 onere
836 656 1141 718 supervacuo,
1165 671 1249 717 pro
1275 655 1522 701 nutrimen³

247 741 301 776 to
337 727 463 774 omni
496 727 556 774 est
581 728 733 775 raritas
765 728 980 775 vulneris,
1012 727 1098 777 Sed
1127 727 1208 773 nifi
1235 727 1391 790 pingui
1423 725 1523 772 solo

247 801 348 849 talis
375 801 547 847 cultura
579 801 814 864 degenerat
840 802 886 846 in
919 800 1179 847 labruscam,

317 875 390 921 28.
418 873 603 919 Arbusta
639 872 750 918 arari
780 889 911 935 quam
935 873 1136 920 altiffime
1155 871 1427 929 desiderant,
1445 871 1523 918 etsi

247 956 422 992 tantum
460 943 671 991 frumenti
705 945 822 991 ratio
866 961 962 990 non
996 945 1148 1009 exigit,
1196 944 1446 1007 Pampinari
1473 959 1525 990 ea

247 1035 345 1064 non
380 1017 441 1063 est
469 1014 636 1064 moris:
674 1019 724 1065 &
750 1017 839 1064 hoc
880 1017 1197 1081 compendium
1229 1034 1396 1081 operae.
1423 1017 1524 1064 De·-²

246 1099 460 1151 putantur
492 1101 593 1134 cum
626 1088 719 1136 vite
752 1088 916 1150 pariter
934 1088 1196 1135 interlucata
1227 1088 1437 1134 densitate
1455 1103 1523 1133 ra*

248 1176 456 1217 morum,
485 1160 562 1224 qui
589 1159 673 1206 fint
701 1158 998 1222 supervacui,
1024 1163 1073 1208 &
1092 1159 1317 1207 absumant
1341 1159 1526 1205 alimen-2

249 1244 310 1279 ta.
341 1232 494 1295 Plagas
518 1233 576 1278 adx
600 1232 962 1294 septemtriones,
991 1245 1064 1280 aut
1082 1233 1137 1280 ad
1155 1232 1387 1279 meridiem
1405 1230 1526 1292 spec-

251 1316 347 1352 tare
376 1283 628 1370 vetuimuis:
664 1306 819 1352 melius
838 1342 851 1364 ,
882 1307 914 1353 fi
935 1323 1080 1370 neque
1110 1305 1157 1351 in
1187 1302 1367 1353 occasus
1393 1303 1523 1350 Solis.
1542 1311 1564 1323 ''
1588 1318 1589 1321 ’

253 1379 353 1426 Diu
381 1377 537 1424 dolent
561 1370 668 1424 talia
695 1394 876 1442 quoque
913 1378 1093 1425 hulcera
1112 1413 1126 1436 ‚
1162 1380 1211 1425 &
1248 1373 1428 1424 difficile
1459 1373 1527 1421 sa-

254 1449 458 1507 nescunt,
490 1451 681 1514 algendo
704 1451 833 1498 nimis
854 1488 869 1508 ,
896 1451 1196 1498 aestuandove.
1227 1451 1338 1497 Non
1369 1450 1524 1496 eadem

252 1521 300 1567 in
321 1522 443 1580 vite,
466 1540 567 1585 quae
597 1523 644 1568 in
671 1523 854 1571 arbustis
873 1560 887 1581 ,
914 1524 1122 1570 libertas:
1162 1523 1378 1586 quoniam
1405 1535 1526 1570 certa

249 1592 386 1640 latera
413 1593 474 1639 est
502 1593 673 1640 facilius
704 1594 1003 1653 abscondere,
1033 1598 1083 1643 ὅ(
1110 1596 1401 1657 detorquere,
1429 1610 1525 1659 quo

252 1666 394 1724 velis,
420 1666 583 1730 plagas.
616 1670 667 1714 In
695 1667 905 1714 arborum
932 1668 1114 1714 tonsura
1147 1667 1373 1730 supiniore
1400 1667 1525 1715 velut

254 1739 414 1786 calices
439 1740 653 1797 faciendi,
684 1758 738 1787 ne
765 1741 972 1788 consistat
1000 1742 1175 1789 humor.

319 1813 535 1859 XXXVI,
567 1814 662 1859 Viti
694 1813 963 1861 adminicula
1000 1814 1229 1872 addenda,
1265 1831 1363 1878 quae
1399 1813 1525 1860 scana-

253 1883 328 1930 dat
357 1886 657 1948 apprehensa,
685 1887 716 1933 fi
745 1884 916 1947 majora
945 1887 1040 1933 sint.
1077 1887 1251 1933 Vitium
1287 1885 1537 1949 *generosa-⁴

251 1971 353 2022 rum
387 1958 588 2021 pergulas
610 1959 972 2023 Quinquatribus
991 1959 1208 2023 putandas
1225 1995 1239 2016 ,
1273 1960 1322 2006 δὲ
1340 1975 1527 2020 quarum

255 2027 430 2089 servare
447 2047 557 2078 uvas
575 2030 729 2089 libeat,
749 2031 1026 2085 decrescente
1049 2034 1172 2078 Luna
1194 2031 1388 2077 tradunt.
1410 2031 1526 2090 Quae

256 2119 372 2149 vero
402 2104 646 2152 interlunio
668 2107 752 2154 sint
778 2120 969 2170 putatae,
993 2107 1126 2153 nullis
1155 2105 1412 2152 animalium
1439 2105 1525 2151 ob-A

255 2176 416 2222 noxias
449 2176 545 2222 effe.
595 2178 693 2224 Alia
722 2180 895 2225 ratione
928 2179 1057 2241 plena
1094 2181 1217 2224 Luna
1254 2179 1394 2224 noffit
1418 2189 1525 2223 ton-

255 2246 442 2306 dendas,
475 2266 577 2295 cum
610 2251 659 2296 fit
688 2267 737 2297 ea
762 2251 808 2296 in
828 2253 1005 2308 Leone,
1029 2252 1308 2314 Scorpione,
1338 2250 1523 2313 Sagitta-⁴

253 2316 353 2378 rio,
390 2321 575 2367 Tauro:
606 2334 738 2385 atque
773 2323 819 2367 in
852 2335 1001 2370 totum
1032 2324 1232 2370 serendas
1257 2324 1387 2386 plena
1405 2358 1418 2380 ,
1447 2333 1523 2367 aut

255 2392 478 2442 crescente
510 2397 690 2460 utique,
723 2396 918 2443 censent.⁴
953 2397 1188 2443 Sufficiunt
1208 2398 1255 2444 in
1286 2396 1407 2444 ltalia
1430 2394 1523 2442 cul-2

257 2476 377 2512 tores
410 2468 513 2515 deni
541 2468 588 2514 in
614 2480 800 2515 centena
821 2467 972 2532 jugera
995 2469 1241 2518 vinearum⁶
