1653 2797
311 148 587 201 NATUR.
625 149 932 199 HisTOR.
967 149 1094 196 ΜΒ.
1131 148 1248 195 XX.
1335 160 1425 213 415

148 260 322 321 tusum,
349 262 400 309 &
423 273 551 309 aceto
580 260 756 307 illitum.
794 257 1020 323 Reliquias
1052 256 1375 322 purgationum
1405 273 1431 303 a

153 347 299 399 partu.
806 327 808 329 ’

214 408 358 455 LXX.
383 403 618 467 Lepidium
648 402 763 451 inter
792 401 967 449 urentia
995 402 1270 467 intelligitur.
1290 401 1360 450 Sic
1380 401 1433 450 &

149 481 198 529 in
227 479 342 527 facie
375 488 522 524 cutem
552 476 755 538 emendat
791 474 1129 521 exhulcerando
1152 511 1167 534 ,
1199 487 1249 521 ut
1281 487 1431 522 tamen

151 572 253 602 cera
286 554 337 599 &
363 550 550 597 rosaceo
588 549 720 597 facile
747 549 935 596 sanetur.
979 549 1049 596 Sic
1084 551 1132 597 δέ
1164 550 1307 613 lepras
1327 587 1342 610 ,
1381 552 1435 597 ἅζ-
1500 600 1504 605 ,

148 627 302 690 psoras
326 625 449 671 tollit
481 623 652 686 semper
683 621 843 679 facile,
864 623 914 669 &
940 621 1202 669 cicatricum
1235 623 1436 672 hulcera.

149 698 356 746 Tradunt
395 697 443 743 in
475 696 638 744 dolore
671 697 874 744 dentium
919 695 1202 760 adalligatum
1242 696 1434 744 brachio

152 789 241 837 qua
267 772 420 818 doleat
438 808 451 830 ‚
488 782 758 818 convertere
788 770 1009 816 dolorem.

229 844 397 891 LXXI.
437 843 550 891 Gith
594 861 650 891 ex
681 843 853 890 Graecis
872 878 887 900 ,
918 843 993 889 alii
1022 840 1331 901 melanthion,
1361 843 1437 893 alii

152 916 514 980 melanspermon
533 929 723 964 vocant.
758 915 997 978 Optimum
1014 951 1028 974 ‚
1047 932 1181 979 quam
1212 916 1438 963 excitatis·¹

153 989 252 1036 fimi
285 988 442 1035 odoris
461 1024 474 1047 ,
505 989 556 1036 ὅ(
594 1005 729 1052 quam
761 987 1064 1051 nigerrimum.
1102 987 1312 1039 Medetur
1345 988 1437 1035 ser-

154 1062 360 1128 pentium
392 1063 531 1127 plagis
563 1064 615 1110 &
641 1063 949 1126 scorpionum.
998 1061 1115 1108 Illini
1143 1079 1199 1108 ex
1226 1074 1354 1109 aceto
1385 1080 1438 1111 ac

155 1134 289 1182 melle
308 1136 487 1198 reperio
508 1171 522 1193 ,
541 1135 816 1199 incensoque
833 1135 1055 1198 serpentes
1075 1135 1234 1199 fugari.
1266 1137 1440 1184 Bibitur

155 1209 368 1262 drachma
393 1226 482 1255 una
499 1210 548 1256 &
573 1222 730 1256 contra
759 1225 959 1256 araneos.
982 1208 1336 1256 Distillationem
1356 1227 1440 1257 na-

155 1282 276 1327 rium
290 1281 466 1328 discutit
478 1281 622 1328 tusum
643 1282 690 1327 in
711 1282 903 1328 linteolo
924 1281 1150 1329 olfactum.
1165 1283 1337 1346 Capitis
1359 1285 1440 1331 do-

156 1354 275 1400 lores
293 1355 456 1402 illitum
473 1371 529 1400 ex
547 1366 676 1401 aceto
698 1356 748 1401 ὃς
767 1354 959 1401 infusum
977 1355 1168 1402 naribus.
1184 1357 1299 1402 Cum
1320 1356 1440 1403 irino

156 1429 400 1475 oculorum
429 1427 669 1490 epiphoras
702 1428 752 1473 &
785 1439 1002 1475 tumores.
1040 1426 1266 1474 Dentium
1301 1429 1442 1475 dolo-

156 1516 227 1547 res
265 1501 444 1548 coctum
476 1517 579 1548 cum
616 1510 761 1547 aceto.
808 1499 1003 1546 Hulcera
1041 1501 1133 1547 oris
1171 1502 1328 1547 tritum
1367 1513 1444 1548 aut

159 1574 597 1621 commanducatum.
635 1576 746 1618 Item
773 1571 915 1633 lepras
936 1574 986 1619 &
1011 1572 1244 1636 lentigines
1265 1591 1322 1620 ex
1340 1591 1445 1621 ace-

156 1659 222 1693 to.
262 1647 566 1693 Difficultates
587 1644 782 1708 spirandi
807 1644 960 1691 addito
983 1644 1107 1692 nitro
1134 1658 1310 1709 potum.
1338 1649 1444 1695 Du-

148 1718 281 1770 xitias
300 1753 314 1777 ‚
338 1717 629 1780 tumoresque
661 1728 838 1765 veteres
856 1752 869 1774 ‚
899 1718 950 1764 &
980 1717 1323 1781 suppurationes
1343 1757 1357 1779 ,
1391 1721 1446 1767 il-

160 1792 303 1836 litum.
337 1792 466 1838 Lacle
482 1791 720 1838 mulierum
742 1803 874 1854 auget
894 1792 1123 1839 continuis
1144 1794 1298 1844 diebus
1323 1795 1445 1841 sum-

159 1873 272 1909 tum.
303 1862 549 1926 Colligitur
580 1863 736 1911 succus
767 1863 860 1925 ejus
880 1899 893 1920 ,
915 1875 964 1909 ut
994 1864 1279 1929 hyoscyami.
1313 1867 1445 1914 Simi-s

162 1935 350 1998 literque
368 1936 558 1998 largior,
580 1953 806 1983 venenum
826 1937 887 1982 est
903 1972 916 1995 ‚
937 1937 1064 2000 quod
1081 1938 1294 1986 miremur
1312 1957 1322 1986 :
1342 1958 1445 1988 cum

162 2009 309 2055 semen
329 2009 564 2072 gratissime
589 2027 724 2073 panes
744 2011 878 2058 ctiam
906 2010 1104 2059 condiat.
1129 2014 1306 2060 Oculos
1326 2031 1448 2078 quoe·

160 2098 249 2144 que
278 2094 471 2146 purgat:
496 2083 671 2130 urinam
708 2085 758 2131 δε
791 2082 961 2130 menses
993 2083 1094 2131 ciet,
1144 2086 1272 2145 Quin
1303 2084 1448 2134 immo

162 2154 355 2200 linteolo
412 2155 612 2219 deligatis
653 2167 826 2202 tantum
878 2157 1025 2220 granis
1074 2171 1188 2203 XXX
1232 2157 1448 2205 secundas

163 2226 276 2272 trahi
309 2228 500 2290 reperio,
545 2227 685 2290 Ajunt
718 2230 768 2276 δι
798 2228 938 2276 clavis
972 2230 1018 2275 in
1051 2231 1240 2293 pedibus
1278 2231 1449 2277 mederi

163 2299 319 2346 tritum
369 2300 415 2347 in
462 2302 593 2350 urina
628 2320 639 2349 ε
680 2302 846 2357 culices
897 2302 1045 2350 suffitu
1090 2320 1293 2351 nccare:
1337 2304 1449 2351 item

167 2371 349 2418 muscas.

228 2445 408 2492 LXXII.
441 2448 496 2492 Et
529 2445 695 2494 anisum
721 2446 927 2496 adversus
956 2447 1216 2512 scorpiones
1242 2465 1297 2498 ex·
1330 2449 1448 2497 vitto
