1653 2797
230 178 841 246 NATUR.HISTOR.
877 194 1251 241 LIB.XV111,
1321 194 1408 253 283

133 315 258 354 ma'nt
297 306 465 365 Italiae,
501 306 551 352 &
591 320 694 350 cum
726 301 806 348 Sol
854 301 902 347 in
940 301 1188 365 Aquarium
1229 300 1413 348 sentitur

134 380 347 437 transire,
381 377 505 442 quod
539 374 630 422 fere
659 388 752 420 XVI
788 375 1015 421 Kalendas
1049 375 1273 429 Februarii
1301 391 1414 433 eve-

136 451 228 499 nit:
263 467 358 499 V111
388 447 610 497 Kalendas
629 446 750 493 stella
774 446 915 509 Regia
935 447 1155 509 appellata
1177 447 1415 494 Tuberoni

128 514 180 570 ¹in
204 525 385 588 pe&ore
409 521 575 568 Leonis
595 519 767 567 occidit
789 518 1028 566 matutino.
1065 522 1122 566 Et
1150 522 1292 583 pridie
1313 522 1413 567 No·

134 613 212 643 nas
254 593 511 642 Februarias
546 591 744 639 Fidicula
789 590 976 654 vesperi.
1023 590 1165 653 Hujus
1197 592 1415 655 temporis

135 667 385 715 novistimis
416 666 598 724 diebus,
628 665 890 729 ubicunque
915 664 1106 727 patietur
1139 665 1238 711 caeli
1265 665 1381 712 ratio
1397 701 1413 724 ‚

135 751 298 787 terram
324 741 380 788 ad
407 739 611 790 rosarum
637 741 687 786 &
707 738 855 787 vineae
879 736 1017 800 saturn
1037 749 1216 786 vertere
1241 738 1414 800 bipalio

134 824 335 876 oportet.
354 814 375 861 J
379 830 517 878 ugero
534 829 685 876 operae
703 826 770 859 LX
790 811 1023 860 sufficiunt.
1041 810 1187 860 Foffas
1204 826 1415 874 purgare,

131 898 210 934 aut
238 904 384 936 novas
417 887 579 936 facere.
622 887 913 934 Antelucanis
940 886 1203 934 ferramenta
1229 900 1415 941 acuere,

134 959 371 1006 manubria
403 971 578 1023 aptare,
604 959 726 1006 dolia
752 958 899 1022 quassa
925 957 1105 1017 sarcire,
1123 956 1416 1021 ipsorumque

58 1078 65 1087 „
132 1030 320 1078 laminas
361 1032 585 1079 scabendo
616 1049 833 1096 purgare,
866 1043 939 1078 aut
975 1047 1122 1079 novas
1152 1029 1312 1077 facere.

194 1106 335 1153 LXV.
363 1123 399 1153 1.
421 1107 462 1153 A
479 1105 688 1153 Favonio
704 1106 751 1152 in
769 1105 1090 1169 aequinoffium
1104 1121 1298 1152 vernum
1314 1103 1413 1149 Cae-

131 1178 215 1226 sari
243 1178 485 1244 fignificat,
523 1195 617 1226 xlv
656 1180 884 1227 Kalendas
917 1179 1070 1226 Martii
1102 1177 1301 1225 triduum
1330 1194 1412 1225 va-

131 1252 211 1300 rie.
243 1255 299 1299 Et
328 1267 425 1300 V111
454 1253 680 1301 Kalendas
711 1252 966 1300 hirundinis
989 1250 1114 1310 visu,
1145 1252 1196 1299 &
1231 1250 1413 1315 postero

133 1326 204 1373 die
227 1327 404 1373 Arffiui
432 1339 598 1374 exortu
632 1327 906 1391 vespertino.
943 1329 1053 1374 Item
1079 1325 1215 1373 tertio
1256 1325 1415 1371 Nonas

131 1397 287 1445 Martii
326 1399 474 1448 Caesar
507 1399 674 1447 Cancri
720 1411 886 1447 exortu
922 1399 968 1445 id
1003 1397 1099 1445 fieri
1133 1396 1412 1444 observavit.

132 1470 287 1533 Major
325 1488 426 1535 pars
469 1473 701 1519 astrorum
735 1472 1057 1519 Vindemitoris
1092 1471 1294 1529 emersu,
1333 1487 1416 1517 oc-

131 1553 243 1590 tavo
274 1544 375 1592 Idus
408 1544 644 1607 Aquilonii
670 1542 800 1605 piscis
834 1555 999 1589 exortu
1015 1579 1029 1602 ,
1057 1544 1108 1591 &
1132 1542 1316 1605 postero
1339 1542 1410 1588 die

129 1615 332 1665 Orionis.
381 1620 431 1663 In
471 1617 618 1663 Attica
654 1616 852 1663 Milvum
884 1633 1095 1680 apparere
1131 1616 1409 1664 observatur.

128 1689 275 1737 Caesar
311 1692 360 1738 &
383 1690 484 1737 Idus
506 1690 689 1736 Martias
709 1689 877 1747 ¹ferales
903 1690 981 1737 fibi
1005 1689 1245 1738 annotavit
1270 1690 1407 1736 Scor-

127 1762 278 1825 pionis
322 1763 516 1811 occasu:
555 1777 629 1808 XV
661 1779 776 1810 vero
812 1763 1038 1810 Kalendas
1067 1761 1232 1826 Aprilis
1270 1761 1408 1808 Italiae

128 1838 325 1887 Milvum
354 1839 555 1888 ostendi:
584 1839 856 1888 duodecimo
875 1838 1099 1887 Kalendas
1127 1840 1303 1901 Equum
1321 1853 1405 1884 oc-

129 1909 281 1956 cidere
315 1912 554 1959 matutino.

196 1998 237 2027 2.
263 1982 367 2029 Hoc
386 1982 674 2031 intervallum
699 1985 916 2047 temporis
946 1984 1269 2048 vegetiffimum
1290 1983 1405 2048 agri-

128 2054 269 2113 colis,
295 2057 578 2121 maximeque
600 2057 843 2121 operosum
871 2057 958 2117 est,
985 2059 1030 2104 in
1061 2074 1156 2122 quo
1177 2057 1403 2120 praecipue

128 2124 360 2176 falluntur.
396 2130 558 2194 Neque
580 2131 700 2179 enim
725 2147 781 2177 eo
807 2131 878 2177 die
897 2142 1124 2179 vocantur
1149 2131 1203 2177 ad
1223 2130 1373 2176 munia
1389 2166 1423 2188 ,.

127 2215 224 2260 quo
248 2201 474 2250 Favonius
503 2202 609 2249 flare
635 2202 819 2263 debeat,
848 2203 921 2251 sed
939 2222 1032 2268 quo
1062 2203 1264 2267 coeperit.
1298 2205 1401 2249 Hoc

128 2271 219 2318 acri
241 2273 493 2322 intentione
526 2275 790 2323 servandum
813 2277 887 2324 est.
915 2279 1017 2325 Hoc
1050 2277 1129 2323 illo
1148 2275 1295 2323 mense
1317 2275 1401 2338 sig-

129 2361 237 2396 hum
271 2347 398 2394 Deus
417 2347 548 2395 habet
568 2385 582 2407 ,
615 2348 931 2399 observatione
957 2351 1139 2398 minime
1161 2348 1306 2396 fallaci
1327 2359 1402 2394 aut

128 2417 287 2478 dubia,
311 2418 341 2465 s1
367 2420 465 2484 quis
489 2422 698 2469 attendat.
737 2424 869 2470 Unde
899 2437 1044 2472 autem
1065 2424 1197 2487 spiret
1228 2422 1261 2468 is
1293 2439 1402 2469 ven-

128 2500 220 2550 tus,
257 2509 432 2556 quaque
460 2509 582 2556 parte
615 2494 796 2554 veniat,
830 2496 1022 2543 diximus
1051 2494 1243 2552 secundo
1266 2493 1402 2544 volu-
