1653 2797
219 183 304 231 182
460 181 515 228 C.
565 168 828 223 PL‘INII
878 175 1261 223 SECUNDI

212 310 292 358 per
320 302 486 338 terram
516 286 673 334 reli&o
707 285 851 349 capite
868 321 883 344 ,
917 300 1064 348 eoque
1093 283 1190 348 ipso
1215 299 1348 330 arena
1369 279 1492 330 coo-

212 378 359 430 pertO.
379 365 526 410 Ramo
545 360 748 426 seruntur
774 362 825 408 δε
849 359 1015 406 Punica
1033 395 1046 417 ‚
1070 358 1180 421 palis
1202 358 1354 405 laxato
1364 357 1495 420 'prius

213 451 388 487 meatu:
425 437 532 483 item
553 448 744 499 myrtus.
773 434 994 487 Omnium
1023 433 1190 479 horum
1211 429 1495 495 longitudine

212 513 350 559 trium
377 510 540 574 pedum
557 545 570 567 ‚
590 507 870 556 craffitudine
888 506 1035 552 minus
1060 504 1304 562 brachiali,
1324 502 1496 551 cortice

214 586 451 649 diligenter
473 586 650 641 servato
672 619 684 640 ‚
717 594 883 627 trunco
910 591 1118 627 exacuto.
1204 584 1208 589 ’

282 660 492 706 XXVIII.
520 658 701 720 Myrtus
737 656 787 701 δε
820 652 944 699 taleis
977 651 1160 699 seritur:
1197 669 1354 714 morus
1382 649 1498 698 talea

215 744 425 787 tantum3
453 730 668 793 quoniam
694 729 739 773 in
767 728 894 773 ulmo
925 743 1023 772 eam
1055 725 1189 772 inseri
1224 725 1383 789 religio
1404 723 1498 771 ful-

217 822 379 869 gurum
398 803 623 866 prohibet.
643 802 937 861 Quapropter
955 799 1007 844 de
1029 798 1244 845 talearum
1261 797 1358 844 satu
1375 813 1500 844 nunc
1531 859 1534 861 Ι

219 877 461 924 dicendum
488 874 560 920 est.
581 871 861 918 Servandum
890 871 936 916 in
963 887 1019 916 eo
1041 882 1144 916 ante
1161 870 1343 928 omnia,
1362 881 1415 916 ut
1435 880 1502 916 ta-

220 950 300 997 leae
331 967 387 995 ex
419 946 639 994 feracibus
674 944 785 992 fiant
813 944 1082 991 arboribus:
1124 961 1179 991 ne
1207 961 1390 1003 curvae,
1419 960 1502 990 ne-

220 1041 280 1071 ve
303 1022 468 1068 scabrae
482 1057 496 1079 ,
532 1032 608 1066 aut
633 1018 845 1065 bifurcae:
868 1034 986 1064 neve
1007 1017 1237 1065 tenuiores
1253 1053 1267 1076 ‚
1298 1034 1429 1080 quam
1450 1028 1504 1064 ut

221 1112 405 1142 manum
431 1092 669 1154 impleant:
713 1108 768 1136 ne
809 1090 1009 1136 minores
1043 1090 1299 1152 pedalibus:
1331 1103 1382 1136 ut
1410 1090 1503 1137 illi-

221 1170 331 1216 bato
377 1167 574 1215 cortice:
620 1176 751 1228 atque
787 1176 836 1210 ut
878 1164 1046 1221 sectura
1084 1164 1275 1211 inferior
1310 1175 1506 1226 ponatur

224 1243 430 1305 semper,
462 1243 512 1288 &
543 1239 669 1304 quod
700 1239 784 1285 erit
815 1238 871 1285 ab
893 1238 1070 1285 radice:
1103 1238 1507 1302 accumuleturque

226 1316 497 1381 germinatio
526 1328 642 1361 terra
662 1350 675 1371 ‚
702 1313 850 1360 donec
876 1313 1020 1360 robur
1052 1312 1205 1375 planta
1233 1311 1392 1375 capiat.

292 1391 467 1437 xxix.
504 1391 621 1449 Quae
654 1386 942 1435 custodienda
967 1388 1014 1433 in
1043 1386 1248 1433 olearum
1277 1402 1384 1433 cura
1415 1385 1507 1432 Ca-

228 1476 278 1510 to
308 1463 608 1524 judicaverit,
641 1462 776 1524 ipsius
808 1461 961 1508 verbis
989 1461 1161 1523 optime
1181 1459 1508 1523 praecipiemus.

227 1538 387 1587 Taleas
418 1534 671 1597 oleaginas,
693 1550 800 1596 quas
827 1533 873 1578 in
896 1533 1052 1579 scrobe
1084 1533 1253 1579 saturus
1284 1531 1393 1590 eris,
1425 1530 1508 1577 tri-

230 1610 450 1673 pedaneas
489 1607 658 1654 facito:
698 1606 1022 1669 diligenterque
1060 1606 1275 1662 tractato,
1303 1621 1360 1649 ne
1396 1602 1510 1648 liber

229 1682 432 1738 laboret,
453 1697 555 1726 cum
574 1678 746 1725 dolabis
761 1714 774 1733 ‚
794 1690 871 1724 aut
890 1677 1068 1724 secabis.
1099 1679 1227 1737 Quas
1249 1676 1296 1722 in
1320 1675 1510 1722 semina-

233 1756 305 1802 rio
341 1755 510 1801 saturus
546 1753 655 1809 eris,
690 1752 865 1815 pedales
900 1750 1062 1798 facito:
1099 1767 1170 1796 eas
1207 1750 1264 1796 fic
1299 1747 1510 1796 inserito:

234 1831 381 1875 Locus
418 1826 584 1888 bipalio
618 1824 814 1871 sabaeus
850 1823 928 1880 fit,
958 1823 1164 1887 beneque
1199 1821 1359 1885 glutus.
1395 1823 1513 1868 Cum

233 1904 391 1950 taleam
436 1902 672 1958 demittes,
707 1900 819 1963 pede
858 1899 1014 1946 taleam
1045 1896 1310 1960 opprimito.
1352 1895 1397 1942 Si
1432 1913 1514 1958 pa·
1557 1913 1559 1915 '

233 1996 333 2023 rum
371 1976 633 2029 descendat,
672 1973 836 2019 malleo
868 1983 944 2018 aut
984 1969 1178 2017 mateola
1209 1969 1404 2033 adigito:
1438 1986 1513 2017 ca-

232 2061 474 2110 vetoque,
517 2065 571 2092 ne
607 2046 772 2091 librum
809 2044 1007 2101 scindas,
1050 2060 1153 2089 cum
1197 2042 1361 2105 adiges.
1404 2040 1514 2088 Palo

234 2122 356 2184 prius
378 2121 529 2165 locum
546 2119 574 2164 fi
596 2118 774 2172 feceris,
795 2133 885 2180 quo
905 2116 1062 2162 taleam
1089 2114 1292 2160 demittas
1307 2150 1320 2171 ‚
1341 2113 1401 2161 ita
1418 2131 1514 2160 me-

235 2195 320 2241 lius
339 2192 482 2240 vivet.
519 2191 669 2244 Taleae
695 2190 773 2235 ubi
795 2190 939 2235 trimae
963 2187 1087 2245 sunt,
1103 2198 1200 2234 tum
1220 2186 1413 2250 denique
1433 2185 1515 2234 cu->

233 2285 296 2313 1·ae
332 2265 448 2321 sint,
475 2263 554 2309 ubi
590 2263 702 2309 liber
736 2261 777 2308 se
816 2273 976 2307 vertet.
1017 2261 1061 2305 Si
1094 2259 1139 2305 in
1174 2258 1406 2306 scrobibus
1440 2269 1515 2306 aut

233 2339 282 2385 in
311 2337 442 2384 sulcis
471 2335 612 2392 seres,
637 2345 783 2380 ternas
810 2332 944 2379 taleas
974 2331 1164 2394 ponito:
1199 2329 1357 2394 easque
1385 2329 1516 2376 diva-

232 2413 377 2460 ricato
405 2411 533 2474 supra
551 2422 714 2456 terram
728 2445 742 2465 ‚
771 2424 825 2454 ne
845 2406 947 2470 plus
966 2416 1162 2468 quatuor
1182 2402 1344 2467 digitos
1366 2414 1513 2448 trans-

234 2484 391 2530 versos
421 2483 645 2529 emineant
665 2517 679 2540 ‚
715 2497 887 2544 gemma
923 2478 999 2525 vel
1030 2477 1171 2525 oculo
1198 2476 1392 2523 servato.
1422 2475 1516 2523 Di-
