1653 2797
260 133 538 181 NATUR.
579 131 1038 179 HtSTOR.L113.
1073 132 1226 179 XIX.
1329 148 1421 193 327

140 240 403 288 translatum
433 260 458 288 a
491 239 662 287 Poenis
683 237 816 300 sparti
846 238 999 299 usum,
1033 257 1250 305 perquam
1280 239 1422 291 simile

140 314 240 363 veri
267 314 340 362 est.

217 388 277 438 X.
311 382 650 448 Theophrastus
687 383 842 429 auctor
873 383 968 441 est,
1007 385 1090 431 effe
1124 385 1249 432 bulbi
1283 402 1427 450 genus

142 459 260 507 circ-a
287 460 405 521 ripas
438 457 635 503 amnium
661 455 872 515 nascens,
903 456 1028 517 cujus
1057 458 1174 504 inter
1203 458 1426 506 summum

140 531 358 584 corticem
374 565 388 588 ,
419 546 606 593 eamque
637 541 810 592 partem
830 545 916 592 qua
936 528 1181 577 vescuntur
1197 566 1211 589 ,
1232 531 1329 591 ess'e
1357 532 1425 578 la-

141 622 270 652 neam
299 619 529 661 naturam,
565 620 622 649 ex
656 619 743 666 qua
763 603 935 666 impilia
955 602 1187 667 vestesque
1211 605 1421 667 quaedam

140 669 395 725 conficiant.
436 677 521 723 Sed
549 693 693 741 neque
720 677 975 741 regionem,
999 677 1046 723 in
1072 694 1162 741 qua
1201 676 1302 736 fiat,
1341 695 1424 724 ne-

137 769 227 815 que
265 751 511 815 quidquam
544 751 832 815 diligentius,
868 763 1165 816 praeterquam
1208 752 1424 814 eriopho-

139 842 226 871 ron
264 825 309 871 id
341 824 587 888 appellari,
627 824 675 869 in
708 823 1070 886 exemplaribus,
1109 841 1209 888 quae
1244 824 1426 887 quidem

140 898 424 956 invenerim,
457 898 616 945 tradit:
649 914 797 961 neque
829 897 1022 943 omnino
1057 896 1193 943 ullam
1225 897 1426 961 mentio-

139 985 243 1016 nem
264 970 424 1028 habet,
455 971 611 1016 cuncta
643 986 749 1016 cura
772 985 931 1032 magna
961 968 1215 1031 persecutus
1247 982 1424 1015 cccxc

140 1042 266 1088 annis
285 1058 387 1089 ante
419 1059 526 1100 nos,
547 1056 598 1089 ut
624 1042 712 1104 jam
742 1045 791 1091 &
824 1043 913 1089 alio
944 1041 1051 1090 loco
1080 1043 1297 1090 diximus:
1329 1059 1423 1106 quo

139 1127 352 1177 apparet,
391 1115 491 1178 post
514 1115 560 1161 id
595 1117 812 1180 temporis
844 1116 1031 1179 spatium
1052 1116 1098 1162 in
1119 1116 1245 1162 usum
1272 1114 1426 1163 venis-

140 1186 183 1233 se
218 1187 428 1250 spartum,

226 1263 303 1308 XI.
334 1263 390 1329 {it
429 1261 646 1325 quoniam
673 1279 697 1308 a
729 1262 951 1310 miraculis
982 1278 1134 1309 rerum
1166 1262 1424 1325 coepimus,

140 1332 374 1396 sequemur
408 1351 567 1382 eorum
609 1335 851 1394 ordinem,
888 1336 934 1381 in
970 1335 1132 1398 quibus
1168 1334 1245 1381 vel
1279 1334 1426 1381 maxi-

140 1424 264 1454 mum
289 1406 378 1464 est,
414 1407 582 1472 aliquid
612 1407 733 1454 nasci
760 1420 835 1454 aut
853 1407 1014 1454 vivere
1039 1406 1128 1452 fine
1149 1405 1239 1452 ulla
1260 1406 1425 1453 radice.

143 1480 322 1527 Tubera
354 1481 451 1527 haec
470 1494 696 1528 vocantur
714 1516 728 1539 ,
748 1481 948 1543 ,undique
977 1495 1094 1526 terra
1127 1479 1424 1537 circumdata,

142 1553 360 1617 nullisque
383 1553 506 1600 fibris
532 1555 662 1612 nixa,
683 1565 766 1600 aut>
787 1554 938 1600 saltem
963 1553 1313 1616 capillamentis,
1339 1569 1424 1601 nec

140 1627 297 1690 utique
324 1627 613 1673 extuberante
640 1627 749 1674 loco
774 1627 822 1673 in
847 1642 942 1690 quo
967 1626 1208 1689 gignuntur
1225 1662 1240 1684 ,
1265 1638 1340 1672 aut
1360 1626 1424 1672 ri-

143 1691 234 1747 mus
266 1712 451 1763 agente:
489 1716 638 1764 neque
668 1699 759 1763 ipsa
791 1712 921 1746 terrae
956 1700 1201 1747 cohaerent.
1239 1700 1425 1747 Cortice

143 1772 278 1818 etiam
309 1772 602 1819 includuntur
621 1807 634 1830 ‚
669 1785 719 1818 ut
745 1771 876 1835 plane
909 1787 993 1816 nec
1023 1782 1187 1816 terram
1209 1769 1295 1835 effe
1317 1769 1425 1832 pos-

145 1844 276 1890 fimus
310 1844 483 1900 dicere,
524 1861 606 1890 nec
634 1844 752 1890 aliud
781 1861 912 1907 quam
945 1854 1075 1889 terrae
1113 1842 1288 1888 callum.
1325 1844 1425 1889 Sic-

77 1961 79 1963 ,
145 1917 208 1965 cis
222 1917 315 1963 haec
333 1915 424 1963 fere
438 1918 488 1964 &
505 1916 712 1963 sabulosis
734 1917 866 1974 locis,
884 1915 1216 1980 frutectosisque
1237 1915 1424 1963 nascun-

146 2005 232 2038 tur.
265 1991 501 2037 Excedunt
523 1990 635 2053 saepe
665 1990 1018 2054 magnitudinem
1046 1990 1151 2037 mali
1180 1991 1425 2048 contonei,

145 2067 278 2113 etiam
314 2065 457 2111 librali
491 2064 705 2127 pondere.
752 2065 865 2111 Duo
910 2080 1068 2110 eorum
1102 2080 1286 2127 genera,
1322 2080 1423 2110 are-

150 2137 256 2185 nosa
288 2137 493 2184 dentibus
534 2136 746 2194 inimica,
779 2138 829 2184 &
860 2136 998 2184 altera
1027 2135 1209 2184 sincera.
1247 2136 1428 2190 Distin-

148 2222 345 2275 guuntur
375 2213 424 2258 &
454 2209 610 2257 colore
630 2245 643 2269 ,
671 2209 776 2257 rufo
794 2247 807 2269 ,
831 2211 1075 2274 nigroque,
1099 2213 1148 2258 &
1171 2210 1291 2257 intus
1321 2227 1426 2256 can·

148 2284 255 2330 dido
277 2283 607 2331 :laudatiffima
637 2283 815 2334 At'ricae.
853 2283 1099 2342 Crescant,
1121 2300 1235 2331 anne
1261 2281 1427 2330 vitium

148 2356 196 2404 id
225 2370 357 2403 terrae
394 2355 582 2420 (neque.
620 2357 741 2404 enim
781 2357 904 2404 aliud
935 2357 1124 2420 intelligi
1159 2354 1336 2420 potest)
1374 2372 1427 2404 ea

151 2430 358 2495 protinus
388 2430 598 2495 globetur
626 2431 930 2496 magnitudine
949 2468 965 2491 ,
998 2449 1083 2496 qua
1110 2430 1309 2483 futurum
1337 2430 1428 2487 est}

1062 2504 1177 2564 X4
