1653 2797
252 154 537 205 NATUR.
573 154 890 203 H1sT0·R.‹
919 156 1433 231 L1ss.xv111.265
1485 183 1488 186 «

157 264 207 312 in
243 265 484 313 frutectoso
520 262 570 312 &
599 261 835 310 rubricoso
853 299 867 320 ‚
891 264 969 327 qui
1007 281 1102 311 non
1134 265 1186 311 fit
1210 265 1435 313 herbidus.

159 338 394 385 Hordeum
411 339 457 384 in
476 334 651 393 novali,
667 334 781 382 &in
798 350 932 392 arvo,
950 337 1076 398 quod
1091 337 1282 384 restibile
1302 338 1437 400 poffit

158 408 257 456 fieri
281 428 292 457 :
319 408 554 465 trimestre,
572 406 650 452 ubi
669 405 907 452 sementem
932 420 1149 455 maturam
1172 409 1316 457 facere
1338 427 1436 456 non

158 483 324 547 possis,
347 485 396 530 δε
423 480 549 543 cujus
578 479 818 527 craffitudo
844 478 897 525 fit
924 480 1143 528 restibilis.
1178 483 1360 530 Subtilis
1387 485 1439 531 &

156 556 234 604 illa
263 553 503 602 sententia:
539 553 736 600 Serenda
767 570 818 599 ea
842 553 890 598 in
924 553 1130 601 tenuiore
1161 568 1278 602 terra
1296 592 1310 613 ‚
1336 573 1438 619 quae

157 647 254 677 non
284 630 429 676 multo
456 628 656 693 indigent
683 627 818 676 succo
837 664 851 686 ,
874 639 924 674 ut
950 627 1146 692 cytisus:
1180 631 1230 676 &
1248 665 1262 688 ,
1292 631 1435 677 cicere

154 718 382 765 excepto,
415 701 637 765 legumina
681 718 784 765 quae
829 700 1061 748 velluntur
1095 718 1119 747 e
1155 713 1304 759 terra,
1337 719 1434 749 non

154 773 452 822 subsecantur.
486 774 617 821 Unde
645 774 695 821 &
720 773 944 837 legumina
965 774 1206 836 appellata,
1240 775 1342 838 quia
1374 776 1436 822 ita

154 846 381 910 leguntur.
420 848 469 892 In
490 845 646 909 pingui
665 857 840 903 autem,
869 863 969 909 quae
990 847 1078 893 cibi
1100 846 1202 894 sunt
1221 846 1403 908 majoris
1419 884 1434 906 ‚

154 931 206 965 ut
226 919 351 977 olus,
377 919 575 965 triticum
589 954 602 976 ,
624 918 780 982 filigo,
802 919 956 966 linum.
990 919 1062 966 Sic
1083 937 1192 983 ergo
1212 932 1345 967 tenue
1364 921 1433 968 so-

152 992 249 1039 lum
288 993 463 1038 hordeo
498 991 704 1039 dabitur:
735 992 884 1038 minus
919 993 1039 1039 enim
1073 993 1273 1039 alimenti
1306 995 1433 1042 radix

153 1066 322 1130 poscit:
347 1066 495 1112 lenior
514 1079 625 1112 terra
639 1101 654 1124 ‚
673 1065 939 1130 densiorque
960 1066 1129 1114 tritico,
1157 1070 1203 1113 [n
1222 1067 1329 1114 loco
1348 1068 1434 1114 hu-

153 1140 249 1186 mili
274 1139 341 1186 far
369 1139 613 1196 adoreum,
638 1139 789 1200 potius
823 1156 956 1202 quam
993 1139 1214 1198 triticum,
1244 1140 1433 1189 seretur:

152 1225 433 1278 temperato,
454 1213 504 1260 &
525 1212 722 1259 triticum
746 1215 796 1260 &
824 1213 1058 1262 hordeum.
1107 1214 1261 1261 Colles
1296 1218 1434 1262 robu-

153 1286 284 1344 stius,
316 1285 391 1332 sed
419 1286 567 1332 minus
587 1321 600 1343 ,
631 1286 822 1331 reddunt
848 1286 1061 1333 triticum.
1095 1289 1177 1333 Far
1203 1289 1252 1334 &
1275 1288 1402 1353 siligo
1419 1326 1434 1348 ‚

152 1361 211 1414 &⁴
233 1359 483 1416 cretosum,
515 1361 565 1406 δε
593 1357 864 1422 uliginosum
903 1358 1045 1406 solum
1079 1359 1338 1409 sortiuntur.
1378 1366 1434 1409 Et

151 1434 352 1498 frugibus
387 1433 612 1478 ostentum
649 1432 780 1478 semel
813 1434 965 1495 (quod
998 1433 1203 1496 equidem
1239 1434 1432 1481 invene-

151 1507 261 1572 rim)
297 1506 485 1564 accidit,
513 1508 560 1552 P.
596 1505 717 1551 AElio
739 1541 753 1563 ‚
792 1506 878 1551 Cn.
918 1506 1140 1552 Cornelio
1180 1507 1301 1553 Coff.
1334 1525 1429 1571 quo

148 1599 270 1629 anno
308 1581 532 1644 superatus
563 1579 625 1625 est
655 1578 913 1625 Hannibal:
951 1579 998 1625 in
1033 1579 1269 1628 arboribus
1305 1582 1427 1629 enim

149 1668 246 1704 tum
275 1667 376 1701 nata
398 1654 651 1717 produntur
672 1651 908 1700 frumenta.

218 1730 397 1776 XLVII.
419 1730 480 1774 'Et
511 1726 726 1790 quoniam
757 1726 812 1772 de
841 1726 1019 1790 frugum
1050 1739 1267 1792 terraeque
1295 1746 1432 1793 gene-

149 1802 274 1850 ribus
302 1801 479 1848 abunde
512 1799 732 1856 diximus,
761 1816 880 1847 nunc
907 1800 960 1846 de
987 1801 1139 1846 arandi
1160 1801 1335 1847 ratione
1358 1803 1428 1848 di-

149 1892 332 1932 cemus,
362 1886 464 1920 ante
497 1873 650 1919 omnia
680 1873 869 1937 AEgypti
903 1873 1109 1919 facilitate
1144 1890 1429 1921 commemo-

148 1960 257 1994 rata·
306 1946 438 1993 Nilus
471 1945 531 1992 ibi
565 1946 721 1993 coloni
755 1946 857 1992 vice
890 1945 1108 2008 fungens,
1145 1949 1324 2010 evagari
1358 1949 1431 1994 in·-

150 2020 293 2081 cipit‚
328 2029 377 2063 ut
413 2017 633 2074 diximus,
662 2017 884 2075 solstitio,
923 2019 972 2064 &
1014 2035 1139 2065 nova
1175 2021 1331 2066 Luna:
1377 2037 1428 2067 ac

148 2093 296 2155 primo
339 2091 492 2148 lente,
533 2091 693 2137 deinde
737 2091 1045 2137 vehementius
1069 2128 1082 2148 ,
1123 2093 1334 2154 quamdiu
1378 2094 1427 2140 in

148 2167 300 2211 Leone
329 2163 407 2210 Sol
441 2163 515 2209 est.
552 2166 668 2209 Mox
702 2163 908 2227 pigrescit
936 2164 981 2209 in
1015 2164 1247 2228 Virginem
1283 2166 1427 2212 trans·

149 2237 292 2303 greffo
308 2274 323 2294 ‚
352 2249 482 2300 atque
508 2237 554 2283 in
578 2237 710 2284 Libra
739 2237 909 2285 refidet.
948 2234 992 2282 Si
1014 2238 1256 2285 duodecim
1276 2241 1427 2286 cubita

148 2327 245 2356 non
281 2310 490 2368 exceffit,
522 2311 656 2357 fames
689 2323 808 2358 certa
841 2310 917 2357 est,
966 2312 1062 2358 Nec
1099 2312 1272 2369 minus,
1304 2312 1334 2357 si
1360 2312 1425 2358 se-

146 2383 292 2430 decim
329 2381 625 2445 exsuperavit.
676 2383 828 2430 Tanto
864 2383 984 2429 enim
1020 2385 1184 2430 tardius
1221 2385 1423 2441 decedit,

145 2468 319 2521 quanto
362 2455 657 2504 abundantius
700 2456 876 2515 crevit,
920 2457 971 2504 &
1014 2456 1255 2504 sementem
1294 2469 1425 2509 arcet.
