1653 2797
304 203 581 252 NATUR.
617 201 922 250 HISTOR,
958 203 1086 250 ΜΒ.
1122 206 1239 252 XV.
1369 210 1429 268 67

143 312 277 373 dine,
318 313 369 359 δε
403 308 580 358 acriore
615 307 749 355 callo.
800 308 910 357 Haec·
953 312 1089 358 arbor
1123 329 1179 359 an
1217 310 1353 360 fuerit
1386 314 1434 360 in

78 387 81 391 ’
142 387 268 434 Italia
302 383 494 432 Catonis
525 394 684 442 aetate,
717 382 974 431 dubitatur:
1013 386 1229 447 quoniam
1253 388 1435 435 Gra-:cas

141 458 370 515 nominat,
390 473 498 520 quas
524 455 706 520 quidam
724 457 774 504 &
794 456 841 502 in
862 454 1136 520 iuglandium
1163 476 1325 523 genere
1349 460 1436 508 ser-

141 544 270 590 vant,
313 530 482 594 Adjicit
508 541 722 594 praeterea
750 528 1006 590 avellanas,
1033 532 1083 577 δε
1112 534 1286 595 galbas,
1312 534 1434 582 Prae-

140 604 332 652 nestinas
349 640 365 662 ,
389 621 498 668 quas
531 604 728 650 maxime
759 602 931 663 laudat,
950 605 1001 652 &
1031 605 1236 653 conditas
1260 607 1363 655 ollis
1386 608 1433 665 301

141 692 258 725 terra
281 677 450 727 servari
467 676 636 726 virides
653 674 801 723 tradit.
825 676 962 724 Nunc
980 677 1156 725 Thafiae
1168 714 1182 737 ‚
1201 680 1252 728 &
1268 681 1436 728 Alben-

141 751 206 798 ses
231 749 542 808 celebrantur,
562 751 611 796 ὅ(
628 748 978 796 Tarentinarum
1005 748 1098 796 duo
1121 766 1311 815 genera:
1340 750 1435 801 fra-

141 823 223 888 gili
250 821 482 886 putamine
502 839 513 868 z
550 838 602 868 ac
635 822 750 868 duro
766 856 780 879 ,
803 837 903 884 quae
933 819 1034 867 sunt
1057 822 1108 869 &
1130 824 1405 886 ampliffimae
1420 861 1437 885 ‚

141 900 195 945 δε
223 896 408 944 minime
436 895 658 942 rotundae.
712 896 931 942 Praeterea
968 895 1199 944 molluscae
1224 911 1439 961 putamen

144 981 418 1033 rumpentes.
451 969 564 1015 Sunt
595 967 674 1030 qui
705 965 897 1013 honoris
927 982 1097 1014 nomen
1134 969 1437 1033 interpretem·

143 1054 218 1088 tur
238 1077 252 1100 ‚
272 1042 323 1088 &
349 1039 476 1088 Jovis
508 1039 714 1103 glandem
747 1038 832 1085 effe
868 1038 1030 1086 dicant.
1072 1041 1228 1103 Nuper
1259 1043 1440 1090 Consu-

142 1114 284 1162 larem
319 1115 474 1164 virum
512 1112 701 1170 audivi,
741 1112 903 1159 biferas
945 1116 995 1161 &
1028 1111 1258 1177 juglandes
1301 1132 1437 1170 nuces

144 1187 311 1234 habere
348 1185 390 1232 se
422 1184 726 1249 profitentem.
763 1186 838 1232 De
867 1185 1059 1248 pistaciis
1087 1189 1141 1235 δε
1170 1187 1249 1251 ipfi
1281 1191 1439 1237 retuli—

145 1278 266 1308 mus:
294 1263 351 1307 Et
384 1260 480 1306 haec
516 1271 666 1306 autem
696 1259 813 1305 idem
836 1258 1045 1306 Vitellius
1081 1260 1129 1306 in
1153 1262 1323 1309 Italiam
1349 1265 1439 1326 pri·

144 1350 243 1380 mus
279 1329 431 1378 intulit
466 1330 626 1376 eodem
660 1340 900 1392 tempore:
937 1328 1154 1393 simulque
1189 1331 1237 1378 in
1275 1332 1438 1397 Hispa-

145 1407 267 1453 niam
290 1404 472 1452 Flaccus
506 1399 747 1465 Pompeius
779 1417 913 1465 eques
946 1402 1179 1451 Romanus
1196 1440 1212 1464 ‚
1231 1406 1312 1469 qui
1336 1424 1439 1456 cum

143 1496 201 1526 eo
235 1478 470 1526 militabat.

208 1552 359 1599 XXV.
394 1551 545 1597 Nuces
569 1564 791 1600 vocamus
818 1548 869 1597 &
901 1546 1122 1597 castaneas
1138 1586 1152 1609 ,
1181 1567 1437 1618 quanquam

143 1622 581 1672 accommodatiores
621 1621 851 1686 glandium
891 1622 1058 1686 generi.
1110 1624 1348 1672 Armatum
1384 1627 1438 1676 iis

143 1697 359 1745 echinato
387 1695 546 1761 calyce
575 1695 778 1755 vallum,
808 1695 934 1759 quod
964 1693 1230 1741 inchoatum
1262 1697 1437 1760 glandi-

145 1770 242 1817 bus.
272 1769 558 1832 Mirumque,
590 1767 802 1814 viliffima
827 1767 911 1814 effe
946 1784 1045 1830 quae
1075 1778 1198 1814 tanta
1231 1769 1437 1818 occulta-

146 1843 267 1892 verit
297 1859 405 1890 cura
437 1853 621 1888 naturae.
658 1840 792 1887 Trini
811 1839 1072 1905 quibusdam
1092 1854 1244 1903 partus
1260 1853 1322 1889 *ex
1339 1862 1436 1893 uno

146 1914 338 1977 calyce,
371 1924 622 1976 cortexque
652 1912 813 1960 lentus.
850 1911 1063 1958 Proxima
1092 1928 1211 1963 vero
1245 1918 1436 1980 corpori

147 1984 429 2044 membrana,
464 1985 515 2031 δε
545 1984 592 2030 in
623 1984 691 2031 his
710 2020 724 2043 ‚
743 1986 794 2032 ὅ(
822 1984 871 2030 in
894 1983 1084 2031 nucibus
1117 1982 1358 2048 saporem,
1388 1991 1437 2037 ni

148 2058 436 2117 detrahatur,
465 2056 652 2104 infestat.
688 2055 887 2103 Torrere
915 2055 992 2103 has
1027 2054 1074 2102 in
1108 2056 1219 2104 cibis
1251 2061 1433 2123 gratius.

148 2133 386 2180 Moluntur
425 2133 588 2190 etiam,
622 2132 673 2179 &
705 2130 914 2195 praestant
953 2129 1128 2195 jejunio
1168 2132 1435 2184 feminarum

144 2206 371 2270 quandam
397 2204 637 2270 imaginem
667 2205 809 2268 panis.
856 2200 1066 2252 Sardibus
1085 2223 1149 2253 eae
1175 2224 1434 2270 provenere

146 2279 356 2343 primum.
385 2280 490 2326 Ideo
523 2279 640 2343 apud
665 2280 856 2325 Graecos
881 2278 1121 2326 Sardianos
1153 2281 1338 2329 balanos
1357 2301 1434 2347 ap-

145 2353 343 2418 pellant:
380 2370 485 2400 nam
515 2354 636 2401 Dios
657 2353 867 2400 balanum
896 2353 1050 2417 postea
1074 2354 1324 2417 imposuere
1353 2375 1437 2405 ex-

140 2426 489 2478 cellentioribus
527 2425 619 2473 satu
652 2425 790 2474 faffis.
838 2429 974 2474 Nunc
1007 2428 1135 2490 plura
1167 2446 1319 2477 earum
1356 2449 1436 2496 ge-

148 2515 271 2548 nera.
315 2499 574 2549 Tarentinae
604 2499 756 2549 faciles
773 2537 790 2562 ‚
816 2518 900 2550 nec
936 2500 1139 2566 operosae
1166 2502 1301 2564 cibo,
1334 2506 1433 2570 pla-

1077 2576 1113 2621 E
1151 2594 1175 2622 2
