1653 2797
194 199 292 250 '104
456 189 1333 240 C.PL1N115ECUND1·‘

191 316 294 348 rum
331 297 488 344 succus
507 296 720 362 pinguior
745 296 811 345 fit.
851 297 966 359 Quis
992 299 1111 346 enim
1134 301 1281 364 potest
1298 300 1346 349 in
1371 299 1478 350 ilice

192 372 478 434 intelligere?
510 371 735 418 Decidere
768 370 964 426 Timaeus
999 373 1343 423 Mathematicus
1371 375 1481 424 Sole

193 445 495 508 Scorpionem
511 444 781 503 transeunte,
798 444 950 492 fideris
968 446 1015 492 vi
1027 448 1099 504 ,δε
1119 448 1317 511 quodam
1335 465 1480 496 vene-
1498 503 1499 506 Ἰ

193 536 258 566 no
289 520 429 578 aeris,
455 531 595 583 putat.
618 521 715 566 Cur
742 535 849 583 ergo
872 536 966 565 non
987 522 1140 568 eadem
1161 521 1287 569 causa
1315 523 1480 570 adver-

194 594 289 640 sum
316 611 473 641 omnes
510 594 704 657 polleat,
733 593 830 655 jure
864 594 1091 643 miremur.
1121 598 1303 644 Cadunt
1331 597 1480 661 pluri-

194 668 279 715 mis
320 682 555 717 autumnO.
605 669 826 730 Quaedam
860 669 1028 717 tardius
1069 671 1306 730 amittunt,
1345 683 1481 736 atque

150 778 153 781 .
194 741 244 788 in
268 742 435 789 hiemes
453 757 702 806 prorogant
717 758 881 788 moras
896 743 1056 804 Neque
1071 742 1250 790 interest
1265 745 1484 792 maturius

195 817 480 878 germinasse:
505 829 663 879 utpote
686 833 790 862 cum
809 815 1013 878 quaedam
1030 815 1187 877 primae
1206 806 1483 878 germinent,

196 889 249 936 Sc
272 889 389 935 inter
419 887 682 936 novissimas
702 887 950 943 nudentur3
971 898 1020 932 ut
1039 886 1287 951 amygdalae
1302 923 1316 945 ‚
1345 886 1484 937 fraxi-

196 962 275 1019 ni,
307 961 520 1009 sambuci.
560 963 720 1008 Morus
761 973 909 1007 autem
951 961 1192 1007 noviffima
1232 961 1484 1024 germinat,

197 1051 301 1081 cum
324 1033 479 1095 primis
504 1033 613 1079 folia
641 1033 838 1081 dimittit.
866 1036 1032 1097 Magna
1059 1036 1109 1083 &
1131 1034 1178 1080 in
1195 1034 1285 1082 hoc
1307 1034 1379 1081 vis
1405 1034 1481 1081 so·-

195 1108 243 1154 li.
276 1107 404 1153 Prius
443 1108 657 1154 decidunt
685 1107 731 1154 in
759 1108 884 1154 siccis
915 1108 1190 1171 macrisque:
1225 1110 1275 1156 &
1294 1108 1484 1158 vetustae

195 1180 320 1244 prius
349 1181 525 1228 arbori:
563 1179 714 1226 multis
748 1180 880 1226 etiam
900 1216 914 1237 ‚
950 1193 1190 1245 antequam
1218 1181 1483 1229 maturescat

198 1254 380 1301 frustus.
405 1256 455 1304 In
485 1253 680 1303 serotina
700 1252 816 1312 ficu,
851 1255 901 1300 &
918 1254 1103 1301 hiberna
1125 1245 1229 1317 pito
1246 1290 1260 1312 ‚
1289 1255 1340 1302 &
1359 1254 1483 1302 malo

196 1340 385 1392 granato
421 1327 484 1376 est
518 1345 708 1392 pomum
738 1340 916 1376 tantum
950 1327 1087 1392 aspici
1115 1330 1163 1374 in
1194 1341 1346 1376 matre.
1386 1330 1483 1376 Ne-

196 1417 284 1462 que
307 1401 376 1447 his
395 1413 545 1448 autem
563 1437 576 1459 ‚
595 1418 694 1464 quae
715 1401 884 1464 semper
907 1401 1103 1448 retinent
1129 1418 1285 1449 comas
1299 1439 1313 1461 ,
1331 1401 1484 1451 eadem

196 1472 311 1519 folia
352 1474 538 1520 durant:
575 1473 647 1519 sed
680 1473 1041 1521 subnascentibus
1078 1475 1205 1534 aliis,
1234 1488 1331 1522 tum
1364 1474 1484 1522 ares·-

200 1557 311 1594 cunt
331 1556 487 1593 vetera
506 1563 515 1591 :
541 1544 666 1608 quod
696 1546 850 1592 evenit
871 1546 989 1592 circa
1012 1545 1197 1594 solstitia
1215 1547 1422 1594 maxime.

266 1620 464 1666 XXXV.
497 1618 730 1668 Foliorum
754 1620 901 1665 unitas
931 1621 978 1665 in
1011 1618 1089 1666 suo
1127 1620 1289 1683 cuique
1320 1636 1485 1683 genere

199 1704 432 1755 permanet
452 1727 464 1749 ‚
504 1704 802 1755 praeterquam
820 1692 994 1755 populo
1015 1727 1029 1749 ,
1064 1693 1208 1739 ederae
1225 1729 1240 1750 ,
1269 1693 1484 1751 crotoni,

198 1784 333 1820 cuam
363 1767 413 1813 &
448 1765 533 1812 cici
569 1765 761 1812 diximus
786 1765 959 1812 vocari.
992 1766 1157 1828 Populi
1186 1766 1270 1812 tria
1293 1782 1486 1828 genera:

200 1839 377 1895 alba9ac
395 1838 541 1900 nigra,
557 1841 606 1885 &
625 1855 722 1901 quae
742 1837 915 1902 Libyca
934 1837 1394 1900 appellatur,minima
1413 1837 1489 1884 fo-

200 1910 266 1956 lio
282 1948 295 1968 ‚
324 1929 374 1957 ac
396 1911 635 1974 nigerrima
653 1947 666 1969 ‚
699 1909 934 1973 fungisque
956 1909 1261 1957 enascentibus
1282 1908 1485 1956 laudatis-

202 1985 322 2032 sima.
359 1985 471 2030 Alba
501 1984 618 2030 folio
654 1984 861 2041 bicolor,
895 1983 1081 2047 superne
1114 1983 1378 2038 candicans,
1411 1981 1486 2028 in-

203 2056 372 2105 feriore
400 2068 526 2118 parte
558 2056 711 2102 viridi.
752 2057 869 2103 Huic
885 2092 898 2115 ‚
919 2056 1172 2120 nigraeque,
1194 2055 1245 2103 &
1267 2053 1487 2112 crotoni,

203 2128 314 2176 folia
345 2129 392 2175 in
421 2129 610 2190 juventa
645 2131 871 2178 circinatae
907 2128 1193 2177 rotunditatis
1230 2129 1359 2177 sunt:
1398 2145 1486 2176 ve·-

203 2201 388 2251 tustiora
413 2202 459 2247 in
481 2203 666 2265 angulos
696 2215 879 2249 exeunt.
910 2206 944 2249 E
972 2201 1203 2249 contrario
1237 2202 1380 2249 ederae
1400 2218 1484 2249 an·-

206 2274 359 2338 gulosa
389 2277 708 2322 retundantur.
738 2276 1018 2339 Populorum
1050 2274 1173 2322 foliis
1204 2275 1484 2338 grandissima

206 2347 372 2410 lanugo
399 2347 555 2396 evolat
575 2367 585 2394 :
621 2347 819 2395 candidae
835 2384 850 2405 ‚
869 2348 1040 2394 traditae
1061 2346 1177 2392 folio
1198 2345 1483 2393 numerosio-

205 2434 280 2475 re,
315 2419 502 2465 candida
521 2455 535 2477 ‚
567 2421 617 2469 &
651 2431 700 2468 ut
732 2418 1003 2483 villiqfolia
1024 2418 1216 2488 granatis
1249 2420 1300 2470 &
1330 2430 1485 2486 amyg-

205 2489 316 2540 dalis
334 2492 552 2542 rubentia⁴
