1653 2797
236 188 326 222 200
500 172 556 217 C.
608 170 868 216 PLINlI
915 172 1282 218 SECUNDI

235 280 364 327 cendi
384 315 396 335 ,
425 279 476 325 δε
505 277 783 341 conflagrare
804 288 972 325 certum
994 277 1068 324 est.
1095 266 1422 344 Rurfiisaerigari
1444 280 1519 327 de-

234 355 346 400 seua
372 366 580 415 oportet,
613 364 663 398 ut
691 351 860 398 secetur
881 352 1137 398 autumnale
1166 351 1366 411 famum,
1393 356 1520 417 quod

233 439 409 477 vocant
427 426 628 473 cordum.
662 428 928 471 Interamnae
952 424 995 470 in
1013 425 1201 472 Umbria
1228 437 1384 490 quater
1398 443 1519 474 anno

234 500 470 546 secantur:
502 499 633 544 etiam
666 514 762 543 non
788 497 926 561 rigua.
965 500 1056 546 Ter
1084 515 1198 545 vero
1222 498 1442 562 plerisque
1472 500 1522 546 in

234 573 372 619 locis:
414 575 463 619 &
492 571 644 635 postea
676 570 722 615 in
751 569 849 632 ipso
885 569 1054 632 pabulo
1090 587 1183 616 non
1214 571 1363 618 minus
1389 587 1520 617 emo-

231 646 421 692 iumenti
448 644 509 690 est
529 681 543 703 ,
577 661 710 708 quam
732 660 755 689 a
785 641 931 688 foeno.
972 644 1295 690 Armentorum
1323 645 1369 690 id
1387 661 1522 701 cura,

232 717 629 781 jumentorumque
661 716 978 778 progeneratio
1009 715 1132 761 suum
1170 719 1333 779 cuique
1370 717 1520 765 confi·-

237 791 345 838 lium
379 789 529 847 dabit,
565 789 743 850 optimo
773 787 967 833 maxime
997 787 1310 851 quadrigai’um
1334 788 1521 852 quaesttl.

308 863 510 909 LXVIII.
547 878 583 906 1.
615 858 866 906 Solstitium
903 860 1056 923 peragi
1101 859 1148 905 in
1193 861 1355 907 octava
1397 877 1522 924 parte

235 935 433 992 Cancri,
465 936 515 981 &
546 933 714 979 οξὶεινο
742 933 967 979 Kalendas
1002 932 1106 979 Julii
1140 933 1346 980 diximus.
1390 935 1521 998 Mag—

235 1025 320 1055 nus
350 1007 421 1054 hic
449 1007 554 1053 anni
577 1006 713 1053 cardo
734 1040 748 1063 ,
777 1023 939 1069 magna
962 1022 1028 1052 res
1049 1005 1222 1052 mundi.
1258 1008 1307 1052 In
1340 1005 1431 1053 hoc
1452 1006 1523 1052 us-

235 1097 324 1145 que
359 1097 384 1126 a
417 1080 574 1126 bruma
609 1079 700 1125 dies
737 1094 1014 1136 creverunt,
1057 1077 1131 1124 sex
1166 1078 1402 1126 mensibus.
1443 1078 1524 1126 Sol

235 1153 327 1217 ipse
360 1153 415 1199 ad
446 1152 721 1215 Aquilonem
751 1150 992 1209 scandens,
1024 1169 1075 1199 ac
1109 1169 1187 1215 per
1216 1154 1351 1199 ardua
1379 1152 1523 1200 enisus

236 1226 293 1272 ab
317 1243 367 1272 ea
401 1237 518 1271 meta
551 1223 711 1287 incipit
736 1222 881 1281 fleeti,
911 1225 960 1272 &
991 1224 1161 1287 digredi
1193 1225 1249 1271 ad
1277 1224 1488 1272 Austrum
1506 1261 1521 1284 ,

240 1297 447 1345 auesur'us
481 1297 634 1342 nofles
678 1295 772 1341 aliis
809 1294 883 1340 sex
922 1296 1144 1341 mensibus
1164 1331 1178 1354 ,
1212 1296 1525 1360 ablaturusque

238 1368 329 1414 diei
366 1366 633 1414 mensuram.
682 1368 750 1413 Ex
786 1365 875 1413 hoc
912 1367 1071 1413 deinde
1111 1366 1312 1430 rapiendi
1346 1385 1524 1415 conve-

239 1440 467 1502 hendique
494 1438 663 1485 fruitus
687 1438 799 1485 alios
828 1451 962 1503 atque
982 1439 1092 1486 alios
1116 1451 1317 1503 tempus,
1339 1442 1387 1488 &
1412 1459 1528 1504 prae-

241 1512 426 1576 parandi
457 1511 498 1557 se
534 1526 696 1558 contra
724 1511 886 1559 saevam
921 1512 1150 1576 feramque
1188 1513 1411 1561 hiemem:
1452 1515 1525 1561 de-

243 1586 459 1646 cebatque
499 1584 592 1630 hoc
630 1582 868 1630 discrimen
901 1585 1157 1631 indubitatis
1192 1586 1313 1633 notis
1348 1588 1526 1650 fignaffe

243 1670 463 1704 naturam.
497 1658 649 1716 Quam
679 1657 742 1701 ob
772 1673 867 1702 rem
888 1673 958 1703 eas
986 1657 1191 1703 manibus
1221 1658 1322 1720 ipfis
1347 1660 1526 1722 agrico-

243 1732 388 1778 larum
422 1729 625 1792 ingeffit,
665 1729 874 1792 vertique
912 1728 1031 1791 juffit
1064 1729 1154 1792 ipsa
1196 1731 1266 1776 die
1301 1731 1438 1790 folia,
1477 1735 1528 1782 &

245 1805 330 1850 effe
355 1802 549 1850 consecti
570 1801 718 1849 fideris
747 1802 948 1865 signum:
985 1819 1068 1848 nec
1096 1802 1358 1850 silvestrium
1388 1805 1525 1852 arbo-

246 1894 346 1923 rum
377 1886 770 1938 remotarumque,
801 1892 857 1921 ne
887 1874 933 1920 in
970 1875 1100 1922 saltus
1133 1876 1294 1923 devios
1327 1878 1527 1925 montes-

247 1967 337 2013 que
368 1949 566 1995 eundum
600 1948 703 1995 esset
735 1948 1036 2012 quaerentibus
1069 1948 1218 2012 figna:
1256 1967 1352 1995 non
1382 1951 1528 1997 rursus

248 2022 519 2068 urbanarum
530 2058 543 2080 ,
558 2024 607 2068 &
620 2038 720 2085 quae
738 2020 933 2083 topiario
946 2033 1118 2067 tantum
1136 2022 1347 2068 coluntur
1358 2058 1372 2081 ,
1387 2039 1528 2086 quan-

247 2111 382 2157 quam
419 2095 468 2140 &
496 2093 542 2138 in
571 2092 638 2139 his
661 2093 736 2138 illa
758 2092 972 2140 visantur.
1011 2095 1159 2140 Vertit
1187 2095 1299 2140 oleae
1317 2109 1420 2142 ante
1447 2113 1528 2159 pe-

249 2165 325 2211 des
352 2164 479 2221 satae,
512 2165 650 2210 vertit
673 2164 780 2211 tiliae
811 2166 864 2211 ad
898 2164 1020 2212 mille
1050 2165 1150 2212 usus
1172 2168 1398 2228 petendae:
1420 2185 1528 2216 ver-

250 2239 305 2283 tit
343 2236 502 2299 populi
533 2236 644 2281 albae
680 2237 813 2282 etiam
850 2237 1018 2284 vitibus
1058 2250 1220 2300 nuptae.
1255 2239 1416 2287 Adhuc
1445 2257 1526 2303 pa-

251 2327 353 2356 rum
382 2309 474 2366 est,
507 2307 680 2370 inquit:
710 2308 884 2354 ulmum
920 2309 1014 2355 vite
1045 2310 1243 2356 dotatam
1273 2312 1438 2360 habes:
1477 2315 1526 2361 δέ

252 2380 382 2443 hujus
411 2391 597 2428 vertam.
628 2379 797 2425 Pabulo
817 2380 926 2426 folia
946 2380 1040 2443 ejus
1067 2382 1238 2446 stringis
1254 2419 1268 2440 ‚
1287 2372 1426 2430 vitem
1447 2385 1526 2430 de-

252 2466 395 2517 putas,
429 2451 621 2516 Aspice,
651 2453 701 2499 &
736 2465 859 2499 tenes
899 2453 1027 2502 fidus.
1076 2453 1175 2502 Alia
1212 2467 1335 2518 parte
1369 2456 1528 2504 caelum
