1653 2797
155 121 252 183 406
433 118 491 168 c,
538 120 801 167 PL1N11
852 119 1229 170 SECUNm

221 230 314 276 LII.
344 227 641 275 Mentastrum
679 228 888 276 silvestris
925 240 1077 277 menta
1110 229 1171 277 est
1186 266 1201 290 ,
1237 229 1448 282 differens

156 300 301 366 specie
331 299 554 347 foliorum
575 337 589 359 ‚
618 317 723 364 quae
762 300 864 348 sunt
901 300 1045 365 figura
1073 302 1247 362 ocimi,
1279 304 1449 368 pulegii

157 374 332 422 colore.
377 374 570 436 Propter
609 374 736 438 quod
765 373 948 437 quidam
984 375 1183 423 filvestre
1216 376 1450 441 pulegium

156 459 346 497 vocant.
374 448 431 494 Iis
453 448 837 500 commanducatis
870 450 921 495 &
947 448 1167 512 impositis
1190 450 1333 498 sanari
1356 451 1451 499 ele-

157 521 411 586 phantiafin
430 541 447 581 ‚'
474 521 632 586 Magni
666 519 873 584 Pompeii
900 533 1028 570 aetate
1047 559 1061 581 ‚
1082 522 1274 572 fortuito
1302 524 1453 587 cujus-

160 597 264 642 dam
282 596 596 660 experimento
616 608 803 659 propter
820 595 1048 659 pudorem
1067 595 1179 644 facie
1197 597 1309 644 illita
1327 614 1454 645 com·

161 680 340 733 pertum
366 668 442 715 est.
463 669 630 715 Eadem
649 668 889 715 illinuntur
912 667 1222 734 bibunturque
1240 670 1455 720 adversus

161 738 513 804 scolopendras,
539 743 589 788 &
623 740 897 803 serpentium
927 740 1038 787 istus
1056 777 1071 800 ‚
1094 742 1317 790 drachmis
1343 743 1455 791 dua·-

161 815 247 862 bus
276 815 323 861 in
343 815 444 862 vini
466 813 644 879 cyathis
673 815 867 862 duobus.
906 814 1134 862 Adversus
1161 815 1456 879 scorpionum

162 886 275 934 istus
297 904 399 933 cum
420 886 505 933 sale
528 922 542 946 ‚
573 887 680 933 oleo
703 923 717 946 ,
736 888 785 935 &
804 900 953 935 acetO.
991 889 1102 936 Item
1123 888 1332 937 adversus
1353 888 1458 937 sco—

163 960 408 1023 lopendras
434 959 504 1021 jus
524 960 701 1009 decoffi
721 979 730 1008 :
760 959 971 1009 adversus
993 962 1150 1009 omnia
1168 978 1344 1011 venena
1367 961 1460 1009 serv·

163 1048 332 1082 vantur
365 1033 477 1080 folia
501 1033 626 1080 arida
643 1070 660 1091 ,
682 1034 738 1081 ad
759 1032 915 1081 sa‘rinae
940 1036 1142 1083 modum.
1181 1035 1461 1084 Substratum

166 1108 244 1158 vel
262 1107 496 1155 accensum
515 1107 638 1172 fugat
653 1108 784 1155 etiam
799 1108 1076 1172 scorpiones.
1091 1111 1257 1157 Potum
1272 1110 1462 1157 feminas

166 1193 328 1245 purgat
348 1199 373 1227 a
395 1193 526 1244 partu
545 1200 557 1227 t
577 1181 651 1228 sed
669 1194 820 1246 partus
840 1195 984 1230 necat.
1000 1183 1177 1246 Ruptis,
1199 1183 1429 1232 convulsis
1445 1218 1463 1243 ‚

166 1256 244 1304 sed
275 1257 452 1320 parcius
474 1275 485 1303 :
519 1257 841 1321 orthopnoicis
861 1293 875 1316 ‚
903 1257 1181 1305 torminibus
1199 1295 1212 1317 ‚
1233 1257 1428 1306 choleris
1445 1293 1463 1317 ,

170 1329 548 1381 efficaciffimum:
580 1330 688 1378 item
721 1330 883 1379 lumbis
903 1367 917 1389 ‚
945 1331 1156 1395 podagris
1185 1331 1463 1395 impositum.

168 1406 338 1451 Succus
358 1403 535 1450 auribus
555 1404 827 1452 verminosis
848 1404 1095 1452 instillatur.
1116 1407 1167 1451 In
1189 1404 1317 1469 regi0
1338 1420 1465 1451 mor-

170 1478 234 1525 bo
254 1477 434 1525 bibitur.
465 1477 652 1526 Strumis
676 1478 880 1526 illinitur.
910 1477 1094 1524 Somnia
1121 1477 1310 1528 Veneris
1337 1477 1463 1525 inhi-

170 1550 262 1597 bet.
299 1550 464 1596 Tineas
490 1551 617 1612 pellit
642 1568 699 1596 ex
730 1563 860 1598 aceto
885 1563 1062 1613 potum.
1101 1552 1278 1598 Contra
1308 1551 1463 1615 porri-

173 1622 325 1686 ginem
351 1637 407 1668 ex
435 1633 567 1668 aceto
599 1620 849 1668 infunditur
880 1622 1015 1684 capiti
1040 1622 1088 1667 in
1113 1623 1232 1670 Sole.

237 1697 344 1742 LIII.
378 1696 546 1741 Mentae
569 1693 701 1756 ipsius
723 1693 841 1740 odor
863 1694 1065 1740 animum
1095 1694 1264 1743 excitat
1279 1731 1296 1752 ,
1327 1696 1375 1743 &
1395 1693 1465 1742 sa-

174 1785 262 1832 por
295 1768 558 1816 aviditatem
582 1767 629 1813 in
664 1766 774 1814 cibis
795 1803 811 1825 ,
841 1767 944 1814 ideo
971 1767 1318 1825 embammatum
1342 1767 1466 1813 mix-

173 1855 286 1890 tura:
314 1841 554 1889 familiaris.
585 1840 678 1904 Ipsa
700 1841 900 1888 acescere
922 1877 936 1899 ‚
966 1853 1042 1887 aut
1073 1839 1197 1903 coire
1218 1876 1232 1898 ‚
1266 1839 1466 1887 denseri-

178 1935 267 1980 que
291 1917 358 1963 lac
384 1933 478 1962 non
502 1917 681 1980 patitur.
722 1918 877 1975 Quare
903 1914 1025 1962 lactis
1048 1914 1313 1978 potionibus
1340 1915 1466 1961 addi-

180 2005 253 2038 tur
271 2028 284 2050 ,
313 2009 368 2038 ne
388 1991 520 2053 hujus
542 1992 766 2055 coagulati
792 2003 907 2054 potu
931 1991 1275 2055 strangulentur.
1316 1992 1468 2039 Datur

181 2067 229 2113 in
262 2083 377 2130 aqua
410 2077 484 2112 aut
516 2066 692 2112 mulso:
729 2067 882 2113 eadem
915 2066 965 2113 vi
991 2067 1183 2112 resistere
1212 2065 1486 2129 generatio—-⁴

180 2140 228 2190 ni
250 2140 444 2187 creditur
462 2176 477 2197 ‚
500 2140 758 2187 cohibendo
780 2139 987 2202 genitalia
1007 2137 1192 2185 denseri.
1211 2139 1354 2200 AEque
1374 2154 1467 2184 ma-

181 2213 304 2259 ribus
339 2228 390 2259 ac
431 2211 606 2258 feminis·
636 2211 742 2257 sistit
770 2211 1062 2276 sanguinem:
1091 2211 1142 2258 &
1178 2209 1468 2273 purgationes

183 2285 452 2332 seminarum
474 2284 647 2331 inhibet
668 2304 677 2331 ε
705 2302 807 2331 cum
826 2282 985 2347 amylo
1006 2299 1061 2328 ex
1079 2299 1191 2345 aqua
1210 2294 1319 2344 pota
1335 2317 1349 2340 ‚
1369 2298 1469 2327 coe-

183 2358 407 2406 liacorum
427 2359 628 2422 impetus.
653 2357 887 2421 Syriation
909 2357 959 2403 &
979 2355 1186 2402 vomicas
1208 2354 1365 2402 vulvae
1387 2369 1469 2400 cu·-

185 2432 306 2484 ravit
336 2432 424 2483 illa.
465 2431 722 2485 Iocinerum
754 2430 870 2482 vitia
899 2428 1036 2478 ternis
1065 2428 1214 2477 obolis
1244 2444 1300 2479 ex
1324 2423 1467 2479 mulso

1637 1055 1653 1087 z<

1633 1089 1653 1149 t?

1633 1151 1653 1198 3⁴

1638 1198 1653 1232 'k

1642 1255 1653 1305 ‘z
