1653 2797
241 165 533 214 NATUR.
572 136 878 212 ‘HtsToit
917 162 1286 214 L113.Xv111.
1329 182 1417 232 275

148 286 389 337 gumento:
410 273 624 338 quoniam
653 272 840 318 hiberna
866 271 1054 332 semina,
1073 289 1174 320 cum
1194 286 1296 323 ante
1313 274 1423 322 bru-

148 365 266 394 mam
290 348 378 395 sata
406 347 490 393 sint
505 382 520 404 ‚
551 344 738 406 septimo
760 345 830 390 die
851 357 1110 407 erumpant:
1145 348 1176 393 fi
1194 348 1296 411 post
1312 349 1425 396 bru-

146 437 263 467 mam
284 457 297 479 ‚
322 421 404 468 vix
427 416 776 483 quadragesimo,
813 418 926 463 Sunt
955 416 1031 480 qui
1064 434 1334 483 properent,
1355 434 1426 469 at-

147 511 235 558 que
254 495 312 541 ita
341 491 664 557 pronuntient,
685 490 932 537 festinatam
953 490 1191 540 sementem
1212 495 1324 558 saepe
1345 499 1427 544 de·-

147 568 328 630 cipere,
361 565 602 614 serotinam
643 563 827 626 semper.
870 566 905 610 E
937 567 1167 612 contrario
1205 569 1312 628 alii,
1349 570 1428 618 vel

145 657 254 686 vere
284 639 435 702 potius
469 637 729 695 serendum,
758 652 891 700 quam
921 636 1042 682 malo
1077 651 1309 687 autumno.
1345 645 1428 690 At-

142 729 229 777 que
252 712 332 759 ubi
351 711 487 758 fuerit
519 712 716 769 necesse,
735 711 850 758 inter
868 709 1126 758 Favonium
1156 714 1207 760 &
1227 731 1425 763 vernum

145 783 484 849 aequinoffium.

212 856 410 918 Quidam
442 853 597 902 omiffa
626 853 786 902 caelesti
820 870 948 913 cura,
980 866 1030 901 ut
1053 852 1224 915 inutili,
1245 867 1429 920 tempo-

145 930 270 977 ribus
299 927 533 976 definiunt.
576 931 692 974 Vere
723 927 892 988 linum,
929 929 978 975 &
1012 944 1201 974 avenam
1220 963 1234 986 ‚
1265 930 1316 976 &
1347 947 1429 993 pa-

143 1018 316 1065 paver:
345 1013 479 1064 atque
508 1000 573 1046 uti
607 1016 727 1046 nunc
747 998 879 1045 etiam
898 998 1205 1062 Transpadani
1224 999 1428 1061 servant,

145 1075 284 1139 usque
315 1075 362 1120 in
383 1073 725 1136 Quinquatrus:
760 1071 907 1119 fabam
925 1108 938 1129 ‚
971 1072 1188 1136 siliginem
1217 1075 1429 1121 Novem-

147 1148 218 1195 bri
242 1146 413 1194 mense:
452 1145 518 1192 far
552 1145 801 1207 Septembri
836 1156 1041 1191 extremo
1070 1144 1211 1209 usque
1244 1147 1292 1192 in
1325 1148 1429 1194 Idus

151 1221 378 1269 Ofiobris.
398 1219 491 1266 Alii
505 1218 605 1282 post
626 1218 746 1264 hunc
766 1211 884 1263 diem
905 1216 951 1262 in
971 1217 1195 1264 Kalendas
1215 1219 1424 1266 Novem-

146 1295 252 1342 bris.
286 1295 350 1339 Ita
386 1292 453 1337 his
478 1289 598 1336 nulla
626 1300 797 1335 naturae
826 1306 932 1335 cura
955 1289 1042 1335 est:
1074 1289 1160 1336 illis
1189 1290 1324 1338 nimia
1341 1328 1354 1350 ‚
1376 1294 1428 1340 &

145 1365 249 1412 ideo
278 1380 395 1412 caeca
425 1361 676 1416 subtilitas;
712 1377 816 1407 cum
844 1378 914 1410 res
946 1361 1063 1408 inter
1088 1361 1275 1410 rusticos
1305 1381 1426 1428 gera-

145 1453 248 1497 tur,
284 1438 603 1499 literarumque
644 1446 878 1497 expertes,
916 1451 1013 1480 non
1042 1436 1184 1482 modo
1220 1437 1426 1486 siderum.

145 1513 203 1558 Et
218 1508 527 1557 confitendum
545 1505 606 1552 est
615 1542 631 1563 ,
647 1505 759 1552 caelo
779 1505 972 1551 maxime
990 1507 1191 1553 constare
1207 1525 1277 1555 ea:
1296 1510 1429 1573 quip-

142 1602 200 1648 pe
230 1583 423 1646 Virgilio
449 1581 634 1643 jubente
668 1578 871 1642 praedisci
904 1592 1069 1628 ventos
1099 1593 1201 1627 ante
1235 1584 1389 1630 omnia
1410 1621 1426 1643 ‚

124 1674 196 1704 ‘ae
226 1655 414 1702 fiderum
435 1669 616 1708 mores3
650 1667 798 1715 neque
826 1651 976 1711 aliter,
1010 1671 1143 1718 quam
1168 1655 1425 1719 naviganti-

143 1732 263 1789 bus,
285 1729 467 1776 servari.
493 1729 601 1790 Spes
630 1726 766 1781 ardua
799 1728 850 1774 &
870 1726 1106 1786 immensa,
1128 1728 1300 1776 misceri
1314 1731 1423 1793 pos-
1492 1738 1494 1741 ’

106 1807 109 1810 ⁴
145 1804 188 1851 se
227 1802 442 1851 caelestem
484 1800 764 1848 divinitatem
799 1799 1063 1862 imperitiae:
1099 1801 1169 1847 sed
1213 1806 1425 1853 tentanda

145 1893 236 1925 tam
264 1876 422 1941 grandi
452 1876 560 1922 vitae
579 1873 903 1921 emolumento.
935 1875 1060 1921 Prius
1089 1887 1236 1922 tamen
1264 1877 1423 1924 sidera-

145 1952 199 1998 lis
229 1948 463 1996 difficultas
484 1983 498 2005 ,
533 1964 664 2010 quam
708 1945 876 1992 sensere
907 1946 1040 1992 etiam
1078 1947 1243 2008 periti,
1282 1947 1420 2011 subji-

145 2023 304 2071 cienda
324 2018 699 2083 contemplationi
721 2017 802 2064 est:
828 2036 922 2082 quo
941 2019 1099 2065 deinde
1121 2020 1269 2068 laetior
1294 2040 1419 2070 mens

148 2095 383 2143 discedata
406 2094 547 2149 caelo,
574 2093 623 2138 ὃ(
654 2089 764 2136 fa&a
785 2089 963 2150 sentiat,
999 2109 1098 2156 quae
1128 2093 1275 2142 futura
1299 2113 1419 2158 prae-

147 2168 271 2215 nosci
293 2183 387 2213 non
407 2165 587 2229 poffint.

225 2243 355 2288 LVII.
385 2240 581 2286 Primum
623 2234 825 2283 omnium
864 2234 1035 2282 dierum
1076 2236 1273 2300 ipsorum
1312 2243 1418 2289 anni

146 2314 351 2379 Solisque
384 2325 534 2360 motus
562 2328 706 2375 prope
732 2309 1057 2372 inexplicabilis
1086 2312 1205 2357 ratio
1234 2313 1308 2359 est.
1346 2317 1417 2363 Ad

147 2400 356 2433 CCCLXV
373 2385 589 2448 adjiciunt
612 2384 853 2431 etiamnum
873 2382 1176 2429 intercalarios
1198 2385 1284 2430 diei
1303 2403 1415 2435 noc-

145 2462 285 2527 tisque
308 2462 587 2527 quadrantes.
620 2461 684 2506 Ita
715 2457 791 2517 fit,
820 2470 868 2505 ut
892 2458 1004 2506 tradi
1022 2476 1117 2504 non
1137 2461 1302 2521 poffint
1323 2480 1416 2511 cer..

1077 2532 1104 2576 S
1141 2548 1166 2576 2
