1653 2797
279 190 370 254 308
557 180 615 232 c,
658 182 1334 233 PLINHSECUNDI

278 296 436 346 senties
452 331 465 353 ‚
497 304 692 342 caveto:
719 309 769 339 ac
791 304 1057 355 quacunque
1073 291 1241 355 Aquilo
1267 290 1557 356 praedicitur}

277 381 406 416 tanto
441 364 737 429 perniciosior
769 362 1026 427 septemtrio
1058 363 1133 410 est.
1170 366 1220 410 I‘n
1256 363 1376 412 hunc
1410 366 1555 425 Afiae,

276 439 470 488 Graeciae
487 475 501 498 ,
531 435 756 500 Hispaniae
771 471 786 494 ‚
820 436 1053 483 maritimae
1071 436 1230 495 Italiae,
1264 437 1520 501 Campaniae
1537 473 1555 497 ,

277 513 456 576 Apuliae
479 510 655 558 arbusta
671 509 909 572 vineaeque
929 508 1137 572 speetent.
1167 510 1262 570 Qui
1280 527 1423 558 mares
1441 528 1557 558 con-

277 587 369 649 cipi
388 586 546 644 voles‚
571 584 619 631 in
638 584 759 630 hunc
786 583 957 645 pascito
974 618 988 640 ‚
1018 595 1068 630 ut
1088 583 1147 631 fic
1174 585 1403 633 ineuntem
1420 585 1558 634 ineat.

277 662 348 707 Ex
381 658 571 706 adverso
605 656 846 720 Aquilonis
879 656 933 702 ab
963 656 1124 702 occasu
1152 657 1344 704 brumali
1377 658 1559 707 Africus

218 751 231 758 ³
273 731 434 788 flabit,
467 747 601 794 quem
620 727 771 775 Graeci
795 727 904 773 Liba
931 739 1115 775 vocant.
1156 731 1205 774 ln
1229 729 1348 777 hunc
1372 747 1398 777 a
1427 731 1559 779 coitu.

278 822 382 851 cum
415 803 457 850 se
477 819 613 866 pecus
632 799 975 863 circumegerit,
1000 799 1187 848 feminas
1213 814 1454 865 conceptas
1484 801 1558 858 esf

279 879 322 925 se
346 877 472 925 scito,

346 966 387 996 2.
417 945 573 993 Tertia
603 963 629 992 a
654 944 973 1008 septemtrione
1005 944 1122 992 linea
1139 981 1152 1004 ,
1183 962 1318 1009 quam
1344 962 1426 1009 per
1452 946 1559 995 lati-

276 1024 480 1072 tudinem
502 1019 672 1066 umbrae
700 1018 935 1077 duximus,
961 1022 1011 1067 &
1037 1020 1341 1067 decumamam
1360 1021 1559 1069 vocavi-

274 1114 376 1144 ‘mus
391 1133 404 1155 ,
436 1105 646 1143 exortum
667 1092 849 1139 habebit
871 1093 1254 1156 aequinoctialem,
1275 1106 1558 1159 ventumque

278 1169 564 1217 subsolanum
578 1202 592 1225 ‚
613 1165 784 1212 Graecis
801 1165 1041 1227 Apelioten
1060 1166 1237 1213 dictum.
1277 1169 1328 1214 In
1352 1167 1474 1214 hunc
1492 1166 1559 1214 sa-

278 1242 479 1289 lubribus
510 1239 625 1287 locis
652 1238 776 1286 villae
807 1239 1043 1302 vineaeque
1075 1238 1282 1302 spectent.
1317 1239 1410 1302 Ipse
1440 1240 1558 1286 leni-

277 1328 347 1362 ter
378 1314 590 1379 pluvius:
621 1324 771 1359 tamen
808 1311 870 1358 est
904 1311 1066 1359 siccior
1096 1311 1357 1370 Favonius,
1388 1327 1446 1358 ex
1476 1313 1558 1360 ad·-

280 1389 416 1438 ver&
449 1387 541 1451 ejus
560 1387 616 1434 ab
634 1385 939 1450 aequinoctiali
966 1385 1152 1445 occasu,
1173 1386 1406 1451 thf-*hyrus
1425 1388 1566 1434 Grae-⁷

281 1463 346 1509 cis
370 1462 643 1508 nominatus.
674 1462 723 1506 I‘n
752 1460 874 1507 hunc
901 1460 1093 1523 spectare
1127 1460 1300 1507 oliveta
1320 1461 1438 1508 Cato
1463 1459 1559 1523 jus-

281 1535 347 1582 sit.
377 1535 465 1580 Hic
491 1551 574 1580 ver
600 1533 810 1590 inchoat,
837 1535 1067 1596 aperitque
1086 1545 1221 1582 terras
1255 1534 1382 1581 tenui
1412 1533 1568 1597 frigo--

264 1625 328 1654 *re
362 1606 544 1653 saluber.
572 1605 659 1651 Hic
685 1603 798 1651 vites
830 1603 1044 1665 putandi,
1070 1604 1306 1669 frugesque
1336 1606 1557 1664 curandi,

277 1680 461 1726 arbores
493 1677 694 1735 serendi,
727 1692 865 1740 poma
901 1676 1144 1734 inserendi,
1177 1677 1298 1723 oleas
1341 1677 1557 1726 tract-andi

280 1752 347 1815 jus
385 1754 533 1811 dabit,
567 1753 802 1816 afflatuque
831 1750 1066 1797 nutritium
1096 1750 1336 1799 exercebit.

357 1842 398 1887 3.
434 1827 606 1884 Quarta
634 1841 658 1870 a
690 1822 1009 1886 septemtrione
1037 1821 1184 1886 linea,
1209 1823 1362 1869 eadem
1392 1821 1556 1870 Austro

281 1901 335 1947 ab
354 1898 566 1946 exortiva
580 1908 703 1960 parte
722 1896 948 1959 proxima,
961 1896 1208 1942 brumalem
1226 1894 1408 1942 habebit
1423 1912 1557 1942 exor-

281 1986 378 2020 tum
394 2008 407 2030 ‚
432 1982 708 2033 ventumque
729 1969 1004 2015 Vulturnum
1021 2003 1035 2027 ,
1068 1970 1236 2016 Eurum
1256 1968 1430 2016 Graecis
1457 1968 1555 2015 dic-

280 2058 379 2091 tum
389 2080 409 2100 1,
442 2043 673 2090 sicciorem
693 2042 743 2089 &
761 2041 905 2104 ipsum
923 2077 937 2100 ‚
957 2041 1326 2105 tepidioremque.
1358 2044 1408 2088 In
1433 2040 1560 2088 huno

281 2117 448 2180 apiaria
471 2118 521 2164 δε
538 2116 684 2164 vineae
700 2117 835 2163 Italiae
848 2153 862 2176 ,
882 2116 1218 2180 Galliarumque
1231 2152 1245 2176 ‚
1265 2116 1456 2179 spectare
1476 2117 1555 2163 de-

280 2192 400 2239 bent.
432 2193 500 2237 Ex
527 2190 714 2239 adverso
740 2191 951 2238 Vulturni
972 2191 1096 2237 flabit
1124 2192 1302 2250 Corus,
1335 2191 1390 2238 ab
1416 2207 1554 2238 occa-

281 2264 330 2312 su
368 2264 584 2311 solstitiali
622 2266 673 2312 δέ
708 2264 975 2312 occidentali
1013 2266 1149 2311 latere
1190 2264 1553 2329 septemtrionis,

282 2339 454 2386 Graecis
489 2339 626 2385 elifius
662 2338 897 2401 Argestes,
933 2355 989 2384 ex
1027 2337 1312 2404 frigidissimis
1349 2342 1399 2387 &
1428 2337 1553 2401 ipse,

281 2412 391 2458 sicut
419 2428 576 2458 omnes
605 2411 681 2474 qui
704 2428 729 2456 a
758 2410 1085 2473 septemtrionis
1110 2424 1233 2474 parte
1255 2411 1432 2475 spirant.
1464 2410 1552 2457 Hic

281 2485 331 2531 ὅ(
359 2483 593 2547 grandines
622 2481 788 2541 infert,
817 2483 1043 2531 cavendus
1072 2483 1125 2530 &
1155 2482 1275 2546 ipse,
1305 2499 1400 2531 non
1427 2482 1551 2531 secus
