1653 2797
202 189 289 239 252
493 173 547 220 C.
588 174 832 221 PLINII
876 174 1244 225 SECUNDI

199 284 241 331 T
244 281 426 327 unditur
463 298 646 344 granum
684 281 778 343 ejus
814 281 860 329 in
897 283 986 347 pila
1022 283 1195 347 lignea:
1231 301 1288 331 ne
1305 284 1473 349 ,lapidis

199 353 362 398 duritia
392 366 610 402 conterat.
650 355 891 414 Nobilius,
931 370 980 403 ut
1015 370 1175 404 notum
1212 356 1307 415 est,
1343 358 1471 421 pilo,

201 426 462 473 vinctorum
495 427 668 489 poenali
696 444 848 491 opera.
877 430 1069 476 Primori
1090 429 1200 476 inest
1227 430 1365 494 pyxis
1384 429 1475 477 fer-

200 514 286 545 rea.
315 499 515 546 Excuffis
543 499 646 546 inde
667 499 858 557 tuninis,
878 500 1037 547 iterum
1058 501 1210 548 iisdem
1231 519 1479 548 armamen-

199 572 254 618 tis
285 573 449 619 nudata
481 573 736 620 conciditur
767 572 973 620 medulla.
1012 578 1075 621 Ita
1103 573 1216 621 fiunt
1243 575 1368 640 alicae
1393 575 1477 622 tria

203 662 392 708 genera:
419 645 680 703 minimum,
713 662 762 692 ac
781 644 1116 693 secundarium:
1146 646 1477 710 grandiffimum

201 735 317 767 vero
340 720 586 781 aphaerema
609 718 850 781 appellant.
880 719 1099 766 Nondum
1116 720 1284 767 habent
1314 721 1480 768 cando-

203 810 297 840 rem
321 792 447 840 suum
475 810 567 856 quo
598 792 885 855 praecellunt:
924 791 1013 856 jam
1042 804 1191 839 tamen
1216 793 1481 841 Alexandri-

206 883 275 912 nae
305 865 614 929 praeferuntur.
653 865 808 913 Postea
830 865 1018 930 (mirum
1045 865 1190 930 dictu)
1218 866 1483 913 admiscetur

205 952 326 987 creta
345 975 358 996 ,
385 955 485 1002 quae
517 938 671 985 tranfit
702 939 750 985 in
774 956 940 1004 corpus
956 975 969 998 ,
994 938 1290 1004 coloremque
1308 975 1323 998 ‚
1349 941 1484 986 &te-

208 1012 440 1059 neritatem
474 1012 614 1059 affert.
647 1013 883 1059 Invenitur
915 1013 1011 1060 haec
1046 1013 1161 1059 inter
1193 1012 1407 1060 Puteolos
1435 1013 1486 1059 &

209 1083 474 1146 Neapolim,
508 1084 555 1131 in
586 1085 704 1132 colle
738 1087 989 1149 Leucogaeo
1024 1085 1265 1147 appellato.
1309 1083 1486 1131 Exstat-

209 1174 297 1221 que
342 1157 461 1205 Divi
493 1157 678 1221 Augusti
713 1157 971 1216 decretum,
1011 1174 1104 1221 quo
1143 1175 1290 1205 annua
1328 1157 1488 1203 vicena

209 1230 347 1277 millia
374 1230 689 1293 Neapolitanis
724 1247 808 1293 pro
840 1247 896 1277 eo
932 1230 1155 1277 numerari
1184 1229 1299 1291 juffit
1325 1247 1348 1276 e
1378 1228 1487 1276 fisco

211 1305 318 1363 suo,
348 1304 577 1351 coloniam
609 1305 834 1351 deducens
851 1305 1062 1367 Capuam.
1092 1303 1358 1368 Adjecitque
1387 1321 1493 1350 cau-

210 1378 296 1425 sam
326 1378 565 1435 afferendi,
600 1378 816 1441 quoniam
837 1378 1062 1441 negassent
1091 1377 1311 1440 Campani
1334 1376 1493 1423 alicam

212 1450 380 1498 confici
399 1452 488 1497 fine
506 1467 562 1497 eo
588 1451 770 1497 metallo
791 1450 927 1512 poffe.
963 1452 1012 1497 In
1030 1450 1191 1497 eodem
1206 1449 1424 1513 reperitur
1443 1450 1493 1496 &

213 1523 396 1584 sulphur
417 1541 427 1568 ε
463 1523 744 1585 emicantque
764 1522 913 1570 fontes
932 1523 1074 1570 Oraxi
1100 1523 1339 1570 oculorum
1362 1521 1494 1569 clari-

216 1596 312 1653 tati,
330 1598 378 1642 &
397 1595 636 1641 vulnerum
663 1596 917 1651 medicfflae,
940 1595 1228 1658 dentiumque
1246 1594 1460 1642 firmitati.

285 1684 324 1729 3.
360 1668 486 1714 Alica
514 1667 759 1713 adulterina
803 1665 853 1712 fit
887 1667 1080 1712 maxime
1114 1666 1298 1729 quidem
1329 1684 1353 1713 e
1385 1683 1460 1713 zea
1479 1703 1494 1724 ,

215 1757 318 1803 quae
345 1740 392 1786 in
423 1739 576 1785 Africa
603 1739 851 1802 degenerat.
895 1738 1096 1786 Latiores
1121 1737 1217 1799 ejus
1249 1738 1378 1802 spicae
1397 1775 1410 1798 ‚
1429 1739 1495 1785 ni-

218 1811 497 1875 grioresque,
521 1812 569 1858 &
588 1811 718 1857 brevi
738 1809 912 1873 stipula.
942 1810 1092 1858 Pisunt
1121 1828 1223 1858 cum
1251 1827 1383 1857 arena
1400 1847 1413 1869 ‚
1446 1812 1496 1858 &

219 1885 277 1930 sic
299 1900 479 1948 quoque
499 1883 736 1930 difficulter
763 1883 969 1929 deterunt
994 1883 1240 1941 utriculos,
1266 1881 1406 1947 fitque
1431 1882 1495 1929 di-

219 1957 355 2004 midia
384 1957 495 2003 nudi
521 1955 734 2004 mensura.
769 1956 1012 2019 Posteaque
1049 1957 1178 2021 gypsi
1213 1973 1315 2020 pars
1343 1970 1499 2021 quarta

223 2029 516 2093 inspargitur:
546 2042 678 2093 atque
699 2043 750 2076 ut
767 2030 973 2087 cohaesit,
999 2030 1211 2076 farinario
1233 2029 1382 2076 cribro
1400 2029 1499 2077 sub-

225 2116 430 2150 cernunt.
470 2105 588 2162 Quae
620 2103 667 2148 in
702 2119 758 2148 eo
778 2103 1013 2160 remansit,
1042 2102 1283 2165 exceptitia
1302 2102 1499 2165 appella-

227 2189 301 2222 tur
316 2211 329 2233 ,
345 2177 394 2223 &
414 2175 692 2239 grandiffima
713 2175 786 2222 est.
817 2176 983 2222 Rursus
1010 2193 1111 2239 quae
1131 2175 1308 2233 transit,
1338 2176 1501 2222 arctio-

228 2267 274 2297 re
297 2249 518 2307 cernitur,
539 2250 590 2295 &
608 2247 863 2296 secundaria
891 2264 1097 2294 vocatur.
1132 2250 1240 2295 Item
1273 2247 1500 2305 cribraria,

230 2338 332 2383 quae
364 2320 491 2366 simili
526 2320 666 2366 modo
697 2319 748 2365 in
776 2319 911 2365 tertio
936 2319 1143 2365 remansit
1177 2320 1327 2367 cribro
1358 2337 1500 2384 angu-

232 2393 413 2440 stiffimo
434 2429 447 2452 ,
475 2394 527 2441 &
558 2406 731 2449 tantum
755 2410 907 2441 arenas
939 2393 1275 2440 transmittente.
1313 2392 1411 2441 Alia
1429 2411 1501 2440 ra-

233 2467 298 2513 tio
323 2468 490 2531 ubique
527 2466 814 2515 adulterandi.
846 2469 913 2514 Ex
947 2466 1101 2515 tritico
1132 2465 1430 2515 candidissima
1457 2467 1506 2512 &
