1653 2797
237 132 518 180 NATUR.
558 130 863 178 HISTOR.
897 132 1025 178 LlB.⁴
1066 130 1229 177 XVI.
1308 143 1382 190 143

111 236 163 286 tii
200 241 511 303 cognomine:
548 237 611 285 ibi
647 253 841 301 quercus
875 239 972 285 duae
1008 237 1062 286 ab
1094 238 1285 286 Hercule
1322 238 1390 284 sa·-

112 327 182 362 tae.
231 318 282 361 In
322 316 482 362 eodem
519 312 662 360 tracia
698 326 858 373 portus
891 313 1058 375 Amyci
1091 312 1152 359 est
1188 313 1389 374 Bebryce

112 404 215 450 rege
244 387 478 435 inter-fe&o
506 384 665 432 clarus.
694 382 800 445 Ejus
829 384 1025 430 tumulus
1047 403 1071 431 a
1092 386 1299 450 supremo
1319 385 1389 431 die

110 460 240 507 lauro
267 460 429 524 tegitur
448 494 461 515 ‚
498 475 634 521 quam
667 456 863 503 insanam
891 470 1095 504 vocant:
1126 460 1338 522 quoniam
1359 458 1390 503 {i

111 533 221 596 quid
253 549 310 578 ex
348 546 399 578 ea
438 530 699 594 decerptum
733 529 950 576 inferatur
990 529 1213 588 navibus,
1249 530 1388 590 iurazii

108 606 237 664 fiant,
256 607 403 653 donec
423 603 671 669 abjiciatur.
691 603 947 683 Regionem
965 604 1299 650 Aulocrenen
1277 605 1389 650 cixi-

107 694 236 735 mus,
268 693 349 740 per
378 694 513 741 quam
546 676 600 723 ab
628 676 814 740 Apamia
848 676 894 721 in
920 663 1197 739 Phrygiam
1187 688 1301 721 itur:
1326 676 1389 722 {bi

106 749 310 812 platanus
330 748 597 806 ostenditur,
615 765 671 797 ex
692 765 781 812 qua
802 747 1063 811 pependerit
1076 747 1280 811 Marsyas
1301 765 1331 792 x
1337 748 1390 794 ic

108 832 180 869 tus
207 821 262 868 ab
286 820 500 884 Apolline
519 856 533 879 ‚
561 836 660 883 quae
683 819 772 884 jam
798 836 895 867 tum
931 821 1240 884 magnitudine
1271 821 1389 867 elec—

108 905 154 942 ta
185 894 260 942 est.
288 895 394 941 Nec
430 910 526 939 non
554 894 700 956 palma
721 894 831 941 Deli
861 894 916 940 ab
943 892 1135 955 ejusdem
1166 894 1258 941 Dei
1285 908 1392 941 aeta—

109 980 154 1013 te
188 966 477 1029 conspicitur.
516 966 751 1031 Olympiae
775 966 961 1013 oleaster
979 1003 993 1024 ,
1030 983 1085 1013 ex
1102 983 1194 1030 quo
1222 967 1391 1029 primus

110 1038 326 1086 Hercules
358 1033 602 1086 coronatus
634 1038 724 1096 est,
759 1039 809 1088 &
843 1055 964 1085 nunc
1001 1038 1251 1086 custoditur
1283 1040 1390 1086 reli-

108 1110 245 1176 giose.
277 1110 466 1158 Athenis
486 1127 674 1175 quoque
703 1112 804 1157 olea
829 1111 986 1158 durare
1005 1112 1194 1158 traditur
1217 1112 1264 1158 in
1292 1128 1391 1158 cer-

108 1185 277 1231 tamine
313 1184 430 1231 edita
456 1201 482 1231 a
508 1184 731 1231 Minerva.

173 1258 277 1304 XC.
294 1260 330 1304 E
352 1255 533 1304 diverso
563 1258 819 1305 brev'rffima
842 1258 936 1306 vita
959 1258 1020 1306 est
1049 1258 1254 1316 Punicis,
1275 1257 1391 1318 fico,

109 1330 265 1376 malis:
302 1332 351 1377 ὃ(
379 1347 435 1376 ex
459 1330 557 1388 his,
578 1331 862 1394 praecocibus
891 1332 1079 1378 brevior
1105 1349 1239 1395 quam
1267 1331 1390 1377 sero-

108 1403 240 1460 tinis,
270 1402 472 1449 dulcibus
506 1420 639 1467 quam
675 1403 846 1450 acutis:
877 1405 925 1451 ὅ(
949 1403 1145 1449 dulciori
1171 1403 1219 1448 in
1249 1404 1390 1449 Puni-

109 1477 186 1523 cis.
205 1478 313 1523 Item
330 1475 377 1521 in
392 1475 561 1523 vitibus
575 1510 588 1532 ,
605 1476 922 1539 praecipueque
943 1475 1249 1523 fertilioribus.
1272 1477 1393 1522 Grae-

109 1551 236 1598 cinus
270 1551 423 1598 au&0r
455 1550 542 1610 est,
570 1550 796 1614 sexagenis
820 1550 948 1596 annis
967 1549 1136 1596 duraffe
1165 1549 1295 1596 vites.
1312 1552 1391 1596 Vi·

108 1623 270 1670 dentur
287 1624 338 1670 &
366 1622 579 1686 aquaticae
605 1622 791 1669 celerius
815 1621 1008 1668 interire.
1027 1621 1271 1669 Senescunt
1287 1623 1391 1686 qui-

109 1697 211 1744 dem
245 1696 469 1745 velociter
488 1733 501 1755 ,
539 1696 612 1743 sed
650 1714 673 1744 e
699 1697 921 1744 radicibus
950 1696 1221 1760 repullulant
1241 1733 1256 1756 ‚
1293 1698 1391 1752 lau-

109 1786 210 1829 rus,
227 1772 278 1818 &
297 1769 428 1836 mali,
448 1771 496 1818 &
516 1769 704 1832 punicae.
734 1769 1004 1825 Firmiffimae
1025 1785 1133 1832 ergo
1156 1769 1210 1815 ad
1229 1770 1393 1817 viven-

111 1843 219 1888 dum
249 1842 362 1889 oleae
382 1879 397 1901 ,
430 1856 480 1890 ut
512 1860 620 1907 quas
649 1844 806 1890 durare
832 1842 958 1889 annis
987 1855 1051 1888 cc
1081 1842 1198 1888 inter
1233 1844 1390 1890 audio-

109 1930 178 1961 res
210 1927 471 1961 conveniat.

175 1987 293 2033 XCI.
327 1985 401 2032 Est
419 1985 466 2031 in
490 1984 748 2035 suburbano
771 1984 1011 2033 Tusculani
1029 1985 1121 2050 agri
1143 1984 1289 2044 colle,
1310 1987 1388 2049 qui

110 2061 267 2106 Corne
298 2060 574 2124 appellatur,
602 2060 726 2106 lucus
760 2059 939 2124 antiqua
967 2059 1188 2122 religione
1223 2060 1388 2106 Dianae

110 2133 298 2180 sacratus
341 2152 365 2180 a
400 2134 561 2191 Latio,
604 2135 734 2180 velut
778 2148 870 2181 arte
911 2133 1062 2180 tonsili
1100 2150 1230 2180 coma
1276 2133 1390 2197 fagei

109 2205 322 2253 nemoris.
368 2209 416 2253 In
447 2207 536 2254 hoc
568 2207 774 2254 arborem
819 2207 1027 2254 eximiam
1066 2219 1194 2255 aetate
1237 2208 1387 2254 nostra

110 2278 335 2324 adamavit
380 2279 601 2327 Paffienus
643 2280 826 2343 Crispus
864 2280 928 2326 bis
973 2279 1161 2337 constd,
1204 2295 1384 2327 orator.

111 2352 369 2416 Agrippinae
407 2353 700 2400 matrimonio
736 2357 785 2402 δε
822 2356 1008 2400 Nerone
1042 2354 1257 2418 privigno
1294 2354 1388 2400 cla>-

107 2426 205 2475 rior
237 2426 427 2491 postea:
466 2426 653 2474 osculari
693 2427 1024 2492 compleffique
1067 2443 1163 2474 eam
1200 2427 1387 2495 solitus,
