1653 2797
225 194 1252 245 NATUR.HISTOR.LIB.XV11.
1325 208 1412 262 ³175

126 306 314 371 longius
348 306 464 353 ferre
499 305 668 362 libeat,
715 303 762 350 in
797 304 941 366 qualis
982 305 1159 365 statim,
1192 317 1272 354 aut
1300 305 1420 353 vafis

130 379 340 432 fictilibus
375 378 586 425 defodere
606 377 878 440 propagines
903 379 1200 439 aptiffimum,
1224 380 1341 426 utin
1365 379 1421 426 iis

131 455 469 502 transferantur.
506 451 709 498 Alterum
747 464 886 513 genus
920 449 1222 509 luxuriosius,
1249 453 1422 499 radices

131 528 181 574 in
208 527 299 590 ipsa
325 526 487 573 arbore
516 520 814 582 felicitando,
843 522 1037 585 trajectis
1063 540 1142 586 per
1174 525 1277 571 vasa
1307 524 1422 572 ffli—

131 601 191 646 lia
204 599 287 647 ·vel
318 597 478 662 qualos
500 597 634 644 ramis
654 632 667 654 ‚
694 609 899 660 terraque
936 594 1234 643 circumfartis
1253 615 1264 643 :
1284 602 1424 661 'atque

130 674 222 720 hoc
257 671 565 718 blandimento
602 669 854 733 impetratis
890 668 1148 727 radicibus,
1177 669 1294 716 inter
1332 687 1424 733 po·-

131 763 205 794 ma
236 745 326 810 ipsa
360 747 410 793 δε
436 745 667 792 cacumina
693 745 776 806 (in
799 743 969 791 summa
994 743 1160 790 etenim
1188 745 1424 791 cacumina

134 820 227 868 hoc
256 819 398 867 modo
417 818 658 883 petuntur)
679 819 834 866 audaci
854 818 1037 882 ingen-io
1057 818 1271 866 arborem
1290 819 1425 866 -aliam

134 892 271 957 longe
289 909 315 940 a
332 893 493 940 tellure
522 892 748 951 faciendi,
774 893 936 939 eodem
956 929 969 951 ,
1001 909 1093 956 quo
1121 892 1276 955 supra,
1297 893 1428 940 bien-

134 967 202 1014 nii
239 965 382 1029 spatio
414 965 593 1013 abscifi'a
620 966 870 1029 propagine
891 1002 905 1024 ‚
942 968 992 1013 &
1025 982 1128 1011 cum
1161 966 1303 1029 qualis
1339 966 1428 1013 illis

135 1039 240 1086 sata.
274 1037 438 1084 Sabina
462 1037 598 1084 herba
622 1037 872 1101 propag-ine
905 1037 1062 1084 seritur
1097 1039 1147 1086 δέ
1175 1038 1428 1087 avulsione.

139 1111 351 1158 Tradunt
385 1109 494 1158 faece
531 1111 662 1170 vini,
700 1123 774 1158 aut
813 1128 836 1157 e
871 1111 1115 1174 parietibus
1158 1113 1294 1158 latere
1329 1110 1429 1158 tuso

136 1186 251 1234 mire
282 1185 354 1232 ali.
384 1185 540 1232 Iisdem
568 1185 717 1232 modis
745 1186 1048 1232 rosmarinum
1077 1185 1258 1245 seri-tur,
1287 1188 1335 1233 &
1355 1203 1430 1233 ra·

136 1279 246 1319 mo,
280 1260 500 1324 quoniam
536 1260 682 1306 neutri
707 1258 870 1306 semen.
892 1259 1305 1319 Rhododendron,
1324 1277 1432 1323 pro—

141 1335 304 1398 pagine
337 1334 389 1380 &
416 1331 596 1379 semine.

207 1408 356 1455 XXII.
387 1406 564 1454 Semine
600 1423 787 1472 quoque
823 1405 1014 1454 inserere
1053 1419 1211 1454 natura
1238 1407 1432 1466 docuit,

142 1483 305 1545 raptim
334 1480 493 1528 avium
525 1478 641 1527 fame
665 1481 890 1527 devorato
909 1516 923 1538 ‚
958 1479 1197 1543 solidoque
1215 1516 1229 1539 ,
1255 1482 1308 1528 v&
1337 1480 1436 1530 alvi

140 1568 300 1618 tepore
323 1553 531 1611 madido,
555 1571 661 1600 cum
684 1550 906 1600 foecundo
929 1550 1023 1599 fimi
1045 1553 1342 1600 medicamine
1357 1555 1436 1600 ab-

142 1625 261 1688 jesto
290 1626 338 1672 in
374 1624 587 1671 mollibus
618 1624 836 1671 arborum
868 1623 1064 1682 lecticis,
1096 1625 1148 1671 δε
1173 1624 1323 1671 ventis
1353 1623 1437 1670 sae-

143 1717 201 1764 pe
229 1697 447 1746 translato
482 1698 528 1744 'm
559 1698 730 1762 aliquas
762 1697 984 1745 corticum
1015 1698 1178 1744 rimas:
1205 1697 1322 1743 unde
1360 1697 1440 1743 vi-

144 1775 290 1821 dimus
316 1770 514 1819 cerasum
551 1771 598 1816 in
630 1770 758 1817 saIIce
777 1806 791 1829 ‚
825 1770 1057 1833 platanum
1089 1770 1136 1815 in
1157 1769 1286 1816 lauro
1302 1806 1316 1829 ,
1335 1768 1444 1816 lau-r

145 1865 246 1894 rum
273 1846 319 1892 in
349 1844 527 1904 ceraso,
554 1846 604 1892 δέ
623 1845 782 1892 baccas
803 1843 929 1890 simul
948 1843 1209 1890 discoIores.
1231 1843 1441 1891 Tradunt

147 1922 197 1967 &
227 1918 519 1965 monedulam
540 1918 813 1965 condentem
845 1916 1011 1963 semina
1031 1917 1078 1962 in
1109 1916 1340 1965 thesauros
1361 1935 1438 1965 ca-

152 2007 424 2050 vernarum,
442 1987 636 2052 ejusdem
663 1991 727 2038 rei
747 1991 947 2053 praebere
981 1990 1146 2037 causas.

213 2066 382 2112 XXIII.
414 2065 533 2112 Hinc
566 2078 670 2112 nata
698 2065 981 2123 inoculatio,
1011 2065 1191 2112 sutoriae
1221 2066 1349 2113 simili
1386 2065 1440 2113 fi-

150 2137 259 2185 stula
290 2137 520 2201 aperiendi
555 2138 603 2184 in
633 2138 795 2185 arbore
825 2138 1013 2185 oculum
1047 2140 1220 2188 cortice
1253 2139 1440 2198 exciso,

152 2212 390 2276 semenque
409 2211 669 2258 includendi
688 2212 840 2259 eadem
863 2211 1006 2259 fistula
1028 2213 1245 2260 sublatum
1264 2231 1321 2260 ex
1340 2214 1440 2261 alia.

152 2287 203 2332 ln
240 2283 339 2331 ficis
373 2297 519 2331 autem
547 2286 598 2332 δε
628 2285 781 2348 malis·
801 2287 894 2333 haec
926 2285 1010 2333 fuit
1040 2286 1292 2334 inoculatio
1324 2287 1441 2332 anti·

153 2377 256 2426 qua.
290 2359 537 2423 Virgiliana
566 2359 730 2422 quaerit
758 2360 903 2407 smum
923 2360 969 2406 in
997 2359 1124 2407 nodo
1153 2377 1342 2424 gemmae
1366 2378 1441 2407 ex-

154 2433 269 2498 pulsi
303 2432 485 2481 corticis
501 2469 515 2491 ‚
535 2450 843 2498 gemmamque
863 2451 920 2481 ex
939 2433 1024 2483 aha
1051 2433 1212 2482 arbore
1237 2433 1440 2483 includit.

149 2512 213 2557 Et
250 2510 464 2558 haclenus
496 2521 651 2562 natura
684 2510 775 2575 ipsa
796 2511 967 2560 docuit.
