1653 2797
273 203 359 269 158
526 186 1354 251 C.PL1N1153cuND1'

267 313 334 360 his
366 322 587 357 onerent:
623 327 876 373 quanquam
907 327 1002 356 non
1033 311 1158 373 quod
1185 311 1339 373 operi,
1374 310 1465 358 hoc
1497 308 1547 357 δέ

267 386 429 433 ῒέυὲἶιιί
453 385 505 431 sit
528 384 777 431 adversum.
812 388 917 431 Item
941 402 963 431 e
985 386 1216 432 contrario
1247 384 1517 433 cineraceam
1532 420 1546 442 ‚

268 463 318 507 &
349 459 547 506 sabulum
577 458 739 506 album.
771 460 886 506 Nam
921 457 1077 505 sterilis
1109 458 1240 505 densa
1268 458 1385 506 callo
1414 458 1547 512 'facgile

267 529 613 593 deprehenditur
630 565 643 587 ‚
675 529 751 575 vel
777 545 872 574 uno
910 528 999 574 istu
1030 528 1230 591 cuspidis.
1259 531 1376 576 Cato
1399 528 1549 575 brevis

263 617 335 651 rer
365 617 496 667 atque
530 621 586 650 ex
621 603 700 649 suo
736 619 861 649 more
897 602 1008 647 vitia
1035 603 1325 650 determinat:
1360 605 1550 651 Terram

260 679 485 727 'cariosam
515 695 626 725 cave
647 694 762 724 neve
792 677 990 740 plaustro
1011 712 1025 734 ,
1054 694 1172 725 neve
1204 696 1369 742 pecore
1389 677 1551 740 impel*

264 755 343 802 las.
376 754 502 814 Quid
521 764 725 815 putamus
746 752 829 797 hac
861 749 1164 813 appellatione
1185 751 1241 797 ab
1265 769 1321 798 eo
1341 764 1551 813 tantope-
1587 742 1591 743 ⁷

269 845 317 874 re
350 825 636 874 reformidari
656 861 668 882 ‚
699 837 750 871 ut
776 841 904 887 paene
935 823 1134 888 vestigiis
1159 836 1344 888 quoque
1360 824 1549 871 intendi-

258 899 367 946 cat?
390 898 657 960 Redigamus
671 896 727 942 ad
746 896 853 959 ligni
874 896 1063 954 cariem,
1088 898 1137 944 &
1155 896 1438 943 inveniemus
1456 896 1550 954 illa,

267 990 366 1031 (guae
402 971 448 1016 in
475 983 650 1017 tantum
676 970 985 1028 abominatur,
1009 970 1149 1029 vitia,
1180 971 1315 1017 aridae
1331 1006 1346 1029 ‚
1371 969 1547 1016 fistulo÷

268 1044 324 1088 sae
339 1079 352 1100 ‚
374 1041 561 1101 scabrae,
586 1040 878 1101 canescentis,
895 1041 1034 1087 exesae
1048 1078 1061 1098 .,
1081 1044 1130 1089 &
1148 1041 1414 1104 pumicosae.'
1449 1041 1552 1088 Plus

267 1117 381 1163 dixit
412 1132 501 1161 una
529 1113 872 1179 significatione,
894 1133 1026 1179 quam
1046 1116 1180 1178 poffit
1199 1116 1287 1162 ulla
1308 1117 1442 1179 copia
1465 1115 1550 1162 ser—-

267 1190 418 1236 monis
445 1188 655 1235 enarrari.
679 1188 753 1234 Est
788 1189 908 1235 enim
938 1188 1309 1251 interpretatione
1327 1189 1551 1237 vitiorum

268 1262 472 1329 quaedam
491 1298 503 1321 ‚
546 1278 642 1308 non
677 1273 836 1320 aetate,
874 1260 1008 1325 (quae
1045 1260 1166 1307 nulla
1198 1261 1246 1307 in
1279 1278 1332 1308 ea
1361 1261 1552 1325 intelligi

254 1335 469 1398 “potest‚)
504 1334 577 1381 sed
594 1347 748 1381 natura
773 1334 846 1380 sua
862 1370 875 1392 ‚
906 1350 1018 1380 anus
1043 1344 1187 1380 terra:
1211 1335 1262 1381 ὅ(
1285 1333 1390 1382 ideo
1411 1333 1551 1381 infoe-

270 1409 416 1454 cunda
442 1407 497 1454 ad
523 1407 678 1454 omnia
694 1443 708 1466 ,
737 1419 869 1470 atque
898 1406 1137 1454 imbecilla.

334 1481 455 1526 Idem
487 1496 640 1543 agrum
670 1478 896 1540 optimum
916 1477 1085 1540 judicat
1103 1478 1159 1526 ad
1187 1479 1383 1526 radicem
1412 1495 1550 1526 mon-

267 1553 379 1598 tium
405 1551 589 1614 planitie
617 1551 664 1596 in
686 1550 919 1596 meridiem
941 1563 1236 1599 excurrente:
1268 1551 1349 1616 qui
1377 1551 1443 1599 est
1474 1564 1552 1599 to·-

267 1625 355 1670 tius
386 1623 519 1670 Italiae
551 1623 677 1669 situs:
706 1633 871 1668 terram
902 1639 1017 1670 vero
1047 1635 1246 1670 teneram
1271 1642 1372 1687 quae
1405 1641 1552 1672 voce-

267 1710 341 1743 tur
371 1696 506 1759 pulla.
536 1695 633 1741 Erit
657 1694 790 1758 igitur
825 1695 923 1741 haec
949 1695 1122 1758 optima
1154 1697 1205 1742 δὲ
1232 1696 1390 1759 operi,
1413 1698 1464 1744 &
1490 1696 1552 1744 sa-

268 1772 338 1817 tis.
376 1768 624 1831 intelligere
659 1767 800 1813 modo
831 1766 966 1813 libeat
997 1768 1157 1814 dictam
1187 1767 1299 1814 mira
1330 1768 1552 1832 fignifica-

253 1845 397 1890 ·tione
430 1855 659 1889 teneram:
695 1842 744 1888 &
773 1839 991 1904 quidquid
1026 1841 1174 1903 optari
1205 1841 1367 1900 debet,
1409 1843 1456 1888 in
1494 1856 1551 1890 eo

269 1916 506 1965 vocabulo
529 1915 801 1963 invenietur.
835 1915 912 1961 Illa
932 1928 1187 1978 temperatae
1213 1916 1453 1976 ubertatis,
1478 1917 1553 1965 illa

270 1992 421 2038 mollis
440 1990 669 2053 facilisque
700 1989 914 2048 culturae,
945 2007 1029 2036 nec
1051 1990 1224 2036 madida
1242 2025 1256 2048 ‚
1277 2005 1361 2037 nec
1390 1989 1552 2038 sitiens.

269 2066 347 2111 Illa
386 2064 486 2127 post
519 2081 755 2111 vomerem
789 2062 1039 2110 nitescens:
1073 2063 1250 2127 qualem
1280 2063 1384 2110 fons
1424 2063 1553 2128 inge-

272 2138 453 2185 niorum
482 2138 705 2184 Homerus
742 2137 789 2183 in
825 2137 957 2184 armis
987 2155 1010 2184 a
1047 2138 1154 2184 Deo
1183 2137 1383 2184 caelatam
1409 2137 1553 2198 dixit,

273 2212 529 2274 addiditque
549 2210 815 2257 miraculum
846 2209 1160 2274 nigrescentis,
1193 2210 1401 2274 quamvis
1426 2209 1553 2257 fieret

271 2285 319 2329 in
351 2298 475 2329 auro.
513 2281 591 2327 Illa
628 2298 762 2344 quam
795 2294 1020 2327 recentem
1048 2281 1291 2344 exquirunt
1329 2280 1550 2343 improbae

267 2357 396 2402 alites
413 2390 425 2413 ‚
447 2371 682 2401 vomerem
707 2354 1001 2413 comitantes,
1025 2355 1246 2420 co1·vique
1262 2353 1446 2402 aratoris
1467 2369 1552 2401 ve·

273 2429 395 2491 frigia
434 2425 524 2490 ipsa
559 2427 782 2474 rodentes.

338 2500 566 2548 Reddatur
597 2501 688 2553 hoc
720 2500 768 2556 in
795 2499 903 2547 loco
938 2500 1127 2551 luxuriae
1159 2512 1342 2564 quoque
1370 2497 1549 2547 sente-n·-
