1653 2797
216 203 308 251 312
489 182 546 230 C.
590 180 852 230 PLINII
903 178 1281 230 SECUNDI

215 293 433 354 ventique
457 290 663 354 protinus
685 289 955 352 sequuntur,
986 289 1032 335 in
1061 306 1254 353 quorum
1284 299 1408 352 parte
1433 288 1501 339 ita*

215 365 519 430 praesagivere.
549 364 719 410 Caelum
734 381 835 410 cum
852 363 1078 425 aequaliter
1091 375 1241 411 totum
1259 363 1342 410 erit
1354 356 1500 425 splen-'-

215 439 398 493 dicium,
432 436 627 485 articulis
675 449 930 499 temporum
950 472 964 493 ‚
1000 453 1116 499 quos
1146 435 1498 499 proposuimus,

216 524 478 562 autumnum
519 510 719 556 serenum
749 508 1077 576 praesagibunt‚
1106 513 1155 558 ὅ(
1192 510 1411 573 frigidum.
1451 508 1499 557 Si

216 600 301 631 ver
326 585 376 630 &
396 583 516 629 aestas
545 600 639 629 non
660 583 750 628 fine
776 582 908 644 riguo
936 582 1089 644 aliquo
1113 582 1396 640 transierint,
1415 598 1498 634 au-

215 667 423 704 tumnum
447 654 649 706 serenum
671 658 721 702 &
747 653 955 711 densum,
990 654 1225 719 minusque
1254 653 1500 705 ventosum

216 729 396 776 facient.
429 729 647 776 Autumni
667 727 873 773 serenitas
894 727 1131 777 ventosam
1159 727 1351 774 hiemem
1377 726 1498 775 facit.

218 804 336 854 Cum
356 814 538 863 repente
558 800 780 847 stellarum
799 799 952 863 fulgor
972 799 1263 858 obscuratur,
1284 801 1334 850 &
1351 800 1399 847 id
1416 816 1502 848 ne-

217 892 306 939 que
337 875 494 921 nubilo
511 910 525 932 ,
546 890 693 937 neque
721 873 934 938 caligine,
952 873 1110 936 pluvia
1134 886 1213 921 aut
1236 889 1395 937 graves
1423 873 1501 920 de·

220 946 485 997 nuntiantur
519 945 810 1010 tempestates.
857 947 902 993 Si
942 947 1137 995 volitare
1170 945 1323 1011 plures
1363 945 1502 1007 stellae

219 1021 495 1068 videbuntur
514 1057 528 1080 ‚
562 1038 655 1085 quo
685 1020 890 1068 serunt-ur
921 1019 1190 1068 albescentes
1208 1055 1223 1078 ,
1251 1034 1416 1065 ventos
1445 1035 1505 1070 ex

218 1093 273 1139 iis
290 1094 490 1155 partibus
511 1094 796 1141 nuntiabunt.
831 1095 924 1141 Aut
950 1094 982 1140 fi
1008 1093 1306 1151 curfitabunt‚
1327 1104 1503 1140 certos:

218 1164 251 1211 fi
285 1164 331 1211 id
350 1165 398 1210 in
416 1164 617 1227 pluribus
640 1165 842 1228 partibus
864 1164 939 1212 fiet
955 1201 969 1224 ‚
1004 1163 1307 1211 inconstantes
1337 1174 1503 1210 ventos

219 1236 466 1285 effundent.
498 1238 542 1286 Si
561 1238 781 1285 stellarum
802 1238 1046 1286 errantium
1072 1238 1266 1302 aliquam
1282 1236 1414 1283 orbes
1432 1236 1505 1283 in-

221 1311 459 1371 cluserint,
481 1312 658 1361 imbres.
692 1315 804 1360 Sunt
834 1313 880 1360 in
905 1313 1029 1377 figno
1052 1312 1219 1359 Cancri
1238 1312 1336 1358 duae
1366 1307 1505 1356 stellae

222 1403 396 1449 parvae‚
410 1385 544 1432 Aselli
562 1386 813 1450 appellatae,
831 1385 1043 1450 exiguum
1061 1385 1177 1432 inter
1194 1384 1291 1432 illas
1312 1383 1503 1446 spatium

222 1457 459 1504 obtinente
478 1458 720 1518 nubecula,
743 1475 875 1521 quam
895 1457 1110 1521 Praesepia
1126 1456 1363 1522 appellant.
1390 1457 1504 1503 Haee

219 1546 325 1577 cum
345 1529 458 1575 caelo
477 1528 632 1576 sereno
654 1547 862 1592 apparere
886 1530 1061 1577 defierit
1075 1566 1089 1588 ‚
1116 1542 1249 1576 atrox
1270 1529 1411 1576 hiems
1433 1527 1502 1576 se-

217 1601 382 1662 quitur.
411 1600 457 1646 Si
479 1600 662 1647 alteram
689 1618 838 1647 earum
856 1602 1152 1665 Aquiloniam
1184 1601 1330 1664 caligo
1351 1600 1502 1648 abstu-

217 1674 294 1730 lit,
315 1673 471 1719 Auster
491 1672 641 1720 saevit:
668 1674 699 1720 fi
717 1674 998 1732 Austrinam,
1016 1675 1200 1738 Aquilo.
1228 1676 1370 1721 Arcus
1394 1691 1500 1722 cum

219 1744 321 1791 sunt
345 1744 542 1807 duplices
561 1780 574 1803 ,
601 1744 779 1808 pluvias
810 1746 1044 1794 nuntiant:
1075 1764 1099 1792 a
1117 1747 1284 1809 pluviis
1301 1782 1315 1804 ,
1333 1745 1499 1792 sereni-

219 1830 357 1864 tatem
389 1834 484 1863 non
516 1817 697 1880 perinde
733 1829 909 1865 certam.
942 1817 1116 1865 Circuli
1148 1818 1266 1865 novi
1295 1818 1414 1867 circa
1442 1816 1501 1864 fi-

221 1890 325 1936 dera
344 1890 516 1951 aliqua,
538 1890 753 1953 pluviam.

288 1964 498 2010 LXXXI.
526 1964 644 2010 Cum
672 1962 817 2010 aestate
844 1962 1156 2011 vehementius
1187 1964 1341 2011 tonuit
1366 1982 1502 2029 quam

222 2036 369 2095 fulsit,
396 2049 562 2084 ventos
589 2054 645 2083 ex
677 2054 727 2084 ea
754 2052 877 2100 parte
902 2038 1160 2085 denuntiat:
1188 2051 1347 2085 contra
1368 2039 1399 2084 si
1419 2039 1502 2085 mi-

223 2126 305 2157 nus
337 2110 522 2167 tonuit,
558 2110 762 2156 imbrem.
813 2111 928 2157 Cum
965 2110 1121 2157 sereno
1157 2110 1270 2158 caelo
1300 2110 1502 2174 fulgetrae

222 2197 354 2233 erunt
395 2187 444 2232 ὃς
484 2185 687 2231 tonitrua
706 2221 719 2242 ‚
752 2185 1036 2232 abhiemabit.
1093 2186 1374 2234 Atrociffime
1422 2204 1502 2234 au-

222 2268 313 2304 tem
331 2292 344 2313 ,
376 2273 477 2302 cum
503 2272 559 2301 ex
589 2256 798 2304 omnibus
823 2272 1016 2319 quatuor
1050 2257 1248 2318 partibus
1282 2258 1378 2304 caeli
1407 2257 1499 2305 ful-

223 2330 413 2393 gurabit.
459 2329 577 2375 Cum
612 2330 666 2375 ab
694 2330 920 2392 Aquilone
957 2341 1164 2388 tantum,
1189 2330 1236 2376 in
1270 2331 1497 2393 posterum

224 2401 343 2447 diem
372 2418 530 2464 aquam
558 2402 803 2465 portendit.
835 2402 953 2448 Cum
976 2419 999 2448 a
1016 2402 1366 2466 Septemtrione,
1386 2418 1497 2448 ven·

223 2486 318 2521 tum
349 2490 464 2522 eum.
507 2475 625 2522 Cum
654 2475 708 2522 ab
737 2474 932 2535 Austro,
964 2475 1042 2524 vel
1062 2475 1218 2534 Coro,
1248 2486 1323 2524 aut
1349 2477 1499 2523 Favo-
