1653 2797
237 184 511 230 NATUR.
551 183 849 229 HISTOR.
878 184 1004 230 LIB.
1042 184 1260 230 XVIII.
1309 200 1395 243 271

128 304 213 339 tur.
244 293 475 352 Quaterna
505 289 654 336 cubita
683 288 774 349 ejus
804 288 889 335 soli
918 290 965 336 in
992 290 1254 354 quadratum
1273 326 1288 348 ‚
1317 306 1402 336 nec

127 379 179 413 ut
213 383 236 412 a
267 365 482 428 porrestis
519 363 760 408 metiantur
797 361 974 424 digitis,
1013 363 1086 409 sed
1122 365 1169 409 in
1205 381 1403 427 pugnum

132 438 396 496 contraffis‚
429 434 653 498 quaternis
681 433 870 479 denariis
902 436 1246 484 venumdamur.
1267 438 1406 500 Super

132 512 286 559 omnia
309 510 395 568 est,
426 507 611 555 biferam
630 507 772 554 vitem
801 506 868 553 bis
887 523 1006 552 anno
1033 508 1323 561 vindemiare.
1350 511 1406 555 Et

134 584 214 630 nifi
247 580 489 643 multiplici
525 592 653 643 partu
673 578 954 625 exinaniatur
988 578 1194 637 ubertas,
1219 594 1409 642 pereunt

132 655 309 702 luxuria
331 653 488 717 finguli
515 652 694 700 fruelus.
729 654 864 698 Nunc
891 668 1003 697 vero
1033 665 1135 699 toto
1166 670 1286 698 anno
1310 670 1408 699 me-

131 729 242 775 titur
274 727 469 790 aliquid:
505 725 768 788 constatque
801 723 1016 771 fertilitati
1044 716 1139 771 non
1169 742 1410 772 occurrere

129 801 350 848 homines.
400 800 632 863 Aquarum
661 814 844 861 quoque
879 797 1130 843 differentia
1158 815 1316 861 magna
1346 800 1408 844 ri-

133 876 246 940 guis.
279 874 353 922 Est
391 874 439 919 in
469 873 749 920 Narbonensi
786 870 1028 934 provincia
1072 870 1238 918 nobilis
1273 870 1411 929 fons,

136 951 259 1013 Orge
294 947 478 994 nomine
508 946 601 993 est:
639 946 686 991 in
711 962 766 992 eo
799 944 947 990 herbae
977 942 1215 990 nascuntur
1245 945 1292 990 in
1312 956 1412 990 tan-0

135 1034 231 1068 tum
258 1019 464 1082 expetitae
494 1018 667 1074 bubus,
699 1029 750 1063 ut
781 1016 930 1063 merfis
960 1016 1177 1078 capitibus
1200 1015 1307 1063 totis
1339 1033 1411 1062 eas

137 1103 353 1157 quaerant.
383 1090 467 1136 Sed
489 1089 584 1136 illas
602 1090 647 1135 in
666 1106 781 1153 aqua
800 1087 1024 1134 nascentes
1043 1100 1212 1134 certum
1238 1086 1299 1134 est
1316 1105 1413 1134 non

138 1165 219 1211 nisi
246 1162 460 1210 imbribus
480 1161 548 1208 ali.
572 1164 693 1225 Ergo
713 1159 831 1206 suam
850 1159 1034 1223 quisque
1051 1173 1211 1206 terram
1234 1178 1414 1224 aquam-

140 1254 228 1301 que
265 1235 463 1282 noverit.

203 1311 291 1356 LII.
317 1309 361 1354 Si
394 1307 530 1355 fuerit
563 1307 637 1353 illa
666 1320 813 1365 terra,
850 1325 983 1372 quam
1005 1307 1330 1370 appellavimus
1347 1321 1415 1355 te-

142 1398 329 1438 neram,
364 1380 533 1443 poterit
571 1379 743 1425 sublato
786 1380 963 1426 hordeo
997 1380 1170 1426 milium
1205 1379 1316 1426 seri:
1360 1398 1417 1427 eo

141 1454 358 1512 condito,
385 1469 513 1515 rapa:
535 1452 602 1498 his
631 1451 810 1499 sublatis
826 1489 838 1510 ‚
856 1452 1075 1498 hordeum
1097 1452 1174 1498 vel
1192 1453 1415 1509 triticum,

143 1527 253 1574 ficut
268 1525 314 1571 in
334 1525 580 1588 Campania
599 1542 610 1570 :
642 1522 826 1586 satisque
856 1523 956 1570 talis
976 1536 1092 1570 terra
1120 1537 1292 1582 aratur,
1309 1542 1416 1571 cum

142 1601 311 1648 seritur.
340 1599 465 1645 Alius
496 1598 612 1644 ordo
629 1634 642 1656 ‚
673 1609 724 1644 ut
756 1596 834 1643 ubi
857 1598 1070 1644 adoreum
1097 1596 1230 1645 fuerit
1247 1635 1261 1657 ‚
1290 1599 1421 1647 cefl'et

142 1685 337 1737 quatuor
367 1671 588 1718 mensibus
623 1670 852 1729 hibernis,
881 1672 932 1717 &
960 1688 1147 1717 vernam
1178 1671 1324 1717 fabam
1354 1689 1423 1718 re-

145 1745 308 1807 cipiat,
330 1743 388 1789 ita
409 1756 459 1789 ut
479 1753 580 1788 ante
609 1741 844 1787 hiemalem
876 1757 932 1787 ne
958 1741 1100 1788 ceffet.
1142 1742 1287 1788 Nimis
1320 1743 1423 1806 pin·-

144 1817 242 1881 guis
270 1814 655 1877 alternari-potest
687 1815 779 1871 ita,
816 1814 847 1859 fi
884 1813 1111 1860 frumento
1147 1812 1321 1860 sublato
1356 1814 1422 1861 le—

148 1906 312 1954 gumen
343 1888 476 1934 tertio
509 1888 686 1934 seratur.
718 1886 976 1944 Gracili0r‚
1006 1888 1055 1932 &
1086 1887 1130 1932 in
1151 1904 1317 1934 annum
1336 1901 1421 1934 ter-

147 1963 260 2008 tium
289 1959 432 2007 ceffet.
470 1962 758 2005 Frumentum
798 1958 978 2021 quidam
1012 1957 1093 2003 seri
1130 1969 1309 2017 vetant,
1341 1959 1420 2005 nist

147 2033 192 2078 in
225 2050 275 2079 ea
303 2049 406 2095 quae
432 2031 645 2094 proximo
678 2047 799 2076 anno
830 2029 1067 2092 quieverit.

211 2106 320 2152 Llll.
348 2103 592 2150 Maximam
621 2101 749 2163 hujus
779 2102 869 2148 loci
890 2114 1061 2165 partem
1088 2102 1423 2150 stercorationis

151 2176 326 2224 obtinet
357 2176 473 2221 ratio
492 2212 507 2232 ,
539 2176 591 2221 de
627 2192 715 2237 qua
745 2177 794 2222 &
824 2175 965 2237 priori
995 2175 1186 2221 diximus
1215 2176 1421 2224 volumi-

150 2270 219 2299 ne.
248 2252 351 2297 Hoc
382 2261 550 2296 tantum
577 2248 696 2295 enim
716 2249 762 2294 in
789 2247 989 2295 confesso
1023 2248 1112 2307 est,
1140 2249 1220 2294 nifi
1251 2249 1420 2296 sterco-

150 2337 248 2373 rato
284 2323 365 2370 seri
408 2340 502 2370 non
546 2335 793 2386 oportere,
828 2338 1083 2386 quanquam
1114 2323 1164 2368 &
1199 2321 1271 2368 hic
1306 2322 1424 2385 leges

155 2398 254 2445 sunt
277 2396 489 2460 propriae.
523 2396 698 2441 Milium
714 2432 727 2453 ‚
746 2395 957 2458 panicum
971 2430 984 2452 ,
1003 2411 1107 2457 rapa
1122 2431 1135 2452 ,
1156 2409 1293 2457 napus
1306 2429 1320 2453 ‚
1342 2394 1423 2440 nisi

153 2470 199 2518 in
230 2468 474 2517 stercorato
510 2482 604 2513 non
638 2465 848 2513 serantur.
895 2467 1005 2512 Non
1047 2466 1293 2512 stercorato
1326 2465 1422 2511 fru-
