1653 2797
265 181 549 232 NATUR.
587 180 902 228 HISTOR.
948 181 1074 226 Ltss.
1107 180 1256 227 XVI.
1340 194 1429 227 ποετ

137 291 227 341 fert
254 292 457 340 odorem.
493 288 701 336 Tertium
732 304 871 352 genus
899 289 1092 335 nostrate
1120 299 1320 336 vocant:
1356 287 1432 333 sil-

140 366 287 415 vestre
301 401 316 426 ,
335 378 385 413 ut
406 363 540 416 credo
556 397 570 421 ‚
590 361 841 425 mitigatum
861 360 955 408 satu
974 380 984 408 :
1007 362 1227 419 diffusius,
1249 363 1299 409 &
1324 360 1430 406 den·

139 440 262 487 fitate
293 438 537 502 parietum,
566 435 721 483 virens
752 433 954 497 semper,
986 452 1037 481 ac
1067 435 1242 481 tonsile.
1279 435 1430 480 Buxus

139 511 368 578 Pyrenaeis
385 547 402 568 ‚
428 527 479 557 ac
507 509 716 574 Cytoriis
749 508 981 554 montibus
1014 507 1207 570 plurima
1224 543 1238 565 ,
1266 509 1317 555 &
1347 510 1432 554 Be-

141 584 356 649 recyntio
380 585 522 632 tractu
544 601 555 630 :
589 582 839 630 craffiffima
870 581 925 627 inv
948 581 1133 628 Corsica
1150 617 1163 638 ,
1190 580 1303 627 flore
1334 598 1430 627 non

141 657 393 721 spernendo
416 675 433 703 :.
462 673 562 720 quae
590 655 716 703 causa
744 654 1053 702 amaritudinis
1075 653 1236 699 mellis.
1271 654 1435 700 Semen-

140 731 261 778 illius
287 731 456 778 cun-{lis
486 729 787 777 animantibus
815 727 1024 776 invitum.
1062 726 1240 774 Haecin
1263 726 1432 790 Olyma

141 822 205 869 po
235 804 520 852 Macedoniae
555 802 800 868 gracilior,
830 801 902 848 sed
936 800 1102 848 brevis.
1142 802 1275 847 Amat
1292 799 1432 863 *frigi*

142 879 199 925 da
213 914 228 937 ‚
245 877 409 941 aprica.
441 880 492 923 In
512 877 607 940 igni
626 893 810 940 quoque
833 875 1022 933 duritia,
1045 892 1147 938 quae
1169 873 1291 921 ferro
1314 889 1433 920 :nec

248 967 346 1009 ma,
377 966 461 996 nec
495 949 693 996 carbone
725 947 839 994 utili.

247 1021 379 1080 XIX.
397 1023 516 1068 Inter
533 1021 611 1067 has
628 1032 762 1083 atque
781 1018 1033 1083 frugiferas,
1050 1018 1235 1067 materie
1253 1019 1431 1067 vitium-

142 1114 234 1161 que
255 1094 454 1143 amicitia
469 1130 484 1153 ‚
504 1094 723 1157 accipitur
745 1093 904 1140 ulmus.
944 1094 1095 1141 Graeci
1123 1094 1213 1139 duo
1236 1092 1333 1155 ejus
1355 1111 1432 1157 ge-

139 1187 254 1222 nera
280 1184 456 1217 novere
475 1185 492 1213 τ
516 1164 804 1214 montuosam
821 1202 834 1224 ,
856 1183 956 1228 quae
988 1166 1043 1213 sit
1065 1166 1258 1229 amplior
1278 1184 1288 1212 :
1314 1184 1434 1212 cam-

143 1243 484 1308 pestremssluae
509 1239 742 1287 fruticosa.
776 1240 898 1286 Italia
919 1240 1091 1286 Atinias
1118 1251 1258 1286 vocat
1283 1239 1434 1286 excel—

144 1316 352 1374 siffis-nas,
371 1315 422 1361 &
454 1330 512 1360 ex
546 1313 599 1359 iis
633 1311 824 1359 ficcanas
860 1311 1069 1374 praefert5
1090 1329 1193 1375 quae
1227 1328 1324 1357 non
1351 1312 1435 1357 {int

144 1388 299 1453 riguae.
347 1386 553 1434 Alterum
585 1401 724 1449 genus
757 1384 971 1431 Gallicas.
1016 1386 1224 1431 Tertium
1258 1383 1435 1430 nostra-

144 1473 237 1518 tes,
257 1459 461 1506 denfiore
491 1458 608 1505 folio
624 1493 639 1516 ,
659 1460 709 1505 δε
730 1458 785 1504 ab
806 1457 966 1503 eodem
987 1457 1200 1521 pediculo
1219 1473 1434 1503 numero-

145 1533 276 1581 fiore.
317 1534 542 1593 Quartum
563 1530 777 1579 filvestre.
815 1530 980 1576 Atiniae
1001 1548 1097 1577 non
1124 1530 1276 1577 ferunt
1295 1529 1437 1577 sama-

145 1625 271 1656 ram:
309 1607 370 1654 ita
392 1617 588 1655 vocatur
607 1604 719 1653 ulmi
740 1605 921 1652 semen:
959 1605 1205 1669 omnesqtie
1239 1605 1439 1652 radicum

146 1682 313 1746 plantis
347 1681 631 1746 proveniunt
660 1697 670 1726 :
706 1680 892 1744 reliquae
924 1680 1103 1727 semine,

212 1757 370 1804 XXX.
401 1757 537 1802 Nunc
569 1753 870 1802 celeberrimis
899 1755 1114 1801 arborum
1140 1753 1295 1812 diffis,
1313 1771 1439 1817 quae-

149 1830 252 1876 dam
270 1829 318 1876 in
335 1829 600 1877 universum
621 1829 674 1875 de
696 1828 866 1876 cunctis
888 1828 1128 1875 indicanda
1148 1827 1260 1875 sunt.
1297 1830 1440 1874 Mon-

150 1915 216 1950 tes
245 1914 397 1949 amant
420 1903 577 1950 cedrus
593 1940 608 1961 ,
634 1902 748 1959 larix
766 1938 780 1960 ,
805 1902 905 1948 teda
922 1937 935 1959 ,
957 1903 1007 1948 &
1028 1914 1187 1948 ceterae
1201 1937 1215 1959 ,
1236 1918 1259 1946 e
1279 1901 1441 1964 quibus

150 1974 294 2022 resina
323 1974 537 2040 gignitur.
583 1978 694 2022 Item
730 1974 976 2038 aquifolia,
1010 1975 1158 2021 buxus
1176 2010 1190 2032 ,
1221 1973 1340 2031 ilex,
1370 1972 1442 2035 ju—

153 2048 362 2110 niperus,
400 2047 681 2094 terebinthus
703 2083 716 2106 ‚
755 2047 953 2110 populus
973 2083 987 2105 ‚
1025 2063 1166 2093 ornus
1188 2083 1207 2105 „
1241 2062 1409 2093 cornus
1428 2082 1447 2105 ,.

154 2121 377 2184 carpinus.
411 2121 484 2168 Est
511 2123 561 2169 δι’.
591 2121 637 2167 in
659 2120 903 2183 Apennino
932 2119 1110 2177 frutex,
1142 2119 1223 2182 qui
1247 2130 1444 2165 vocatur

156 2196 364 2252 cotinus,
385 2194 440 2242 ad
472 2195 714 2242 linamenta
742 2195 884 2241 modo
924 2193 1161 2258 conchylii
1191 2192 1350 2239 colore
1375 2193 1445 2237 in-

155 2268 303 2334 fignis.
337 2271 518 2317 Montes
539 2272 589 2318 &
609 2269 749 2316 valles
769 2268 914 2332 diligit
934 2268 1079 2326 abies«,
1108 2267 1250 2314 robur
1265 2301 1279 2324 ,
1306 2266 1451 2312 casta·

156 2359 253 2390 neae
273 2378 287 2400 ‚
314 2341 434 2400 tilia,
460 2343 550 2390 ilex
568 2379 582 2402 ,
617 2360 798 2391 cornus.
846 2342 1038 2407 Aquofis
1070 2339 1304 2388 montibus
1333 2355 1455 2402 gau--

158 2415 266 2462 dent
302 2431 432 2474 acer,
463 2415 695 2476 fraxinus,
728 2415 915 2474 sorbus,
948 2415 1040 2462 tilia
1061 2450 1075 2473 ,
1106 2411 1289 2461 cerasus„
1333 2412 1453 2458 Non--

158 2500 323 2538 temere
362 2489 409 2538 in
447 2490 679 2538 montibus
711 2489 819 2539 visae
858 2489 958 2536 sunt
995 2503 1165 2551 prunus
1187 2521 1200 2541 ‚
1237 2485 1454 2545 Punicae,

1068 2563 1109 2606 G
1146 2576 1166 2619 3
