<?xml version="1.0" encoding="UTF-8"?>
<!DOCTYPE html PUBLIC "-//W3C//DTD XHTML 1.0 Transitional//EN"
    "http://www.w3.org/TR/xhtml1/DTD/xhtml1-transitional.dtd">
<html xmlns="http://www.w3.org/1999/xhtml" xml:lang="en" lang="en">
 <head>
  <title>
</title>
<meta http-equiv="Content-Type" content="text/html;charset=utf-8" />
  <meta name='ocr-system' content='tesseract 3.04.00' />
  <meta name='ocr-capabilities' content='ocr_page ocr_carea ocr_par ocr_line ocrx_word'/>
</head>
<body>
  <div class='ocr_page' id='page_1' title='image "./caiipliniisecund03plinuoft_0364.png"; bbox 0 0 1653 2797; ppageno 0'>
   <div class='ocr_carea' id='block_1_1' title="bbox 277 113 1407 215">
    <p class='ocr_par' dir='ltr' id='par_1_1' title="bbox 277 113 1407 215">
     <span class='ocr_line' id='line_1_1' title="bbox 277 113 1407 215; baseline 0.001 -19"><span class='ocrx_word' id='word_1_1' title='bbox 277 151 372 215; x_wconf 84' lang='lat'>356</span> <span class='ocrx_word' id='word_1_2' title='bbox 546 148 602 194; x_wconf 89' lang='lat' dir='ltr'>C.</span> <span class='ocrx_word' id='word_1_3' title='bbox 649 148 910 195; x_wconf 86' lang='lat' dir='ltr'>PLINII</span> <span class='ocrx_word' id='word_1_4' title='bbox 960 113 1338 197; x_wconf 20' lang='lat' dir='ltr'>SECUNDA!</span> <span class='ocrx_word' id='word_1_5' title='bbox 1404 171 1407 175; x_wconf 94' lang='lat'>·</span> 
     </span>
    </p>
   </div>
   <div class='ocr_carea' id='block_1_2' title="bbox 275 255 1564 2507">
    <p class='ocr_par' dir='ltr' id='par_1_2' title="bbox 275 255 1564 1188">
     <span class='ocr_line' id='line_1_2' title="bbox 275 255 1564 321; baseline 0 -16"><span class='ocrx_word' id='word_1_6' title='bbox 275 275 372 306; x_wconf 85' lang='lat' dir='ltr'>rem</span> <span class='ocrx_word' id='word_1_7' title='bbox 391 256 445 304; x_wconf 87' lang='lat' dir='ltr'>ad</span> <span class='ocrx_word' id='word_1_8' title='bbox 465 256 760 302; x_wconf 82' lang='lat' dir='ltr'>maturitatem</span> <span class='ocrx_word' id='word_1_9' title='bbox 780 255 877 302; x_wconf 87' lang='lat' dir='ltr'>fieri</span> <span class='ocrx_word' id='word_1_10' title='bbox 897 266 1069 318; x_wconf 88' lang='lat' dir='ltr'>putent.</span> <span class='ocrx_word' id='word_1_11' title='bbox 1087 258 1201 303; x_wconf 89' lang='lat' dir='ltr'>Sunt</span> <span class='ocrx_word' id='word_1_12' title='bbox 1223 258 1303 321; x_wconf 91' lang='lat' dir='ltr'>qui</span> <span class='ocrx_word' id='word_1_13' title='bbox 1319 257 1466 305; x_wconf 88' lang='lat' dir='ltr'>semen</span> <span class='ocrx_word' id='word_1_14' title='bbox 1481 260 1564 305; x_wconf 84' lang='lat' dir='ltr'>tri-</span> 
     </span>
     <span class='ocr_line' id='line_1_3' title="bbox 279 323 1560 393; baseline -0.002 -16"><span class='ocrx_word' id='word_1_15' title='bbox 279 331 379 377; x_wconf 80' lang='lat' dir='ltr'>folii</span> <span class='ocrx_word' id='word_1_16' title='bbox 410 330 668 393; x_wconf 82' lang='lat' dir='ltr'>nitrumque</span> <span class='ocrx_word' id='word_1_17' title='bbox 701 323 828 375; x_wconf 75' lang='lat' dir='ltr'>simul</span> <span class='ocrx_word' id='word_1_18' title='bbox 864 328 1019 375; x_wconf 86' lang='lat' dir='ltr'>tritum</span> <span class='ocrx_word' id='word_1_19' title='bbox 1049 329 1278 393; x_wconf 82' lang='lat' dir='ltr'>aspergant</span> <span class='ocrx_word' id='word_1_20' title='bbox 1308 328 1444 377; x_wconf 85' lang='lat' dir='ltr'>foliis.</span> <span class='ocrx_word' id='word_1_21' title='bbox 1474 332 1560 378; x_wconf 72' lang='lat' dir='ltr'>Ni.-</span> 
     </span>
     <span class='ocr_line' id='line_1_4' title="bbox 279 395 1561 468; baseline 0 -17"><span class='ocrx_word' id='word_1_22' title='bbox 279 416 398 451; x_wconf 88' lang='lat' dir='ltr'>trum</span> <span class='ocrx_word' id='word_1_23' title='bbox 426 404 474 450; x_wconf 89' lang='lat' dir='ltr'>in</span> <span class='ocrx_word' id='word_1_24' title='bbox 506 395 750 468; x_wconf 87' lang='lat' dir='ltr'>coquendo</span> <span class='ocrx_word' id='word_1_25' title='bbox 777 403 910 449; x_wconf 86' lang='lat' dir='ltr'>etiam</span> <span class='ocrx_word' id='word_1_26' title='bbox 935 403 1209 450; x_wconf 84' lang='lat' dir='ltr'>viriditatem</span> <span class='ocrx_word' id='word_1_27' title='bbox 1240 403 1458 451; x_wconf 87' lang='lat' dir='ltr'>custodit:</span> <span class='ocrx_word' id='word_1_28' title='bbox 1486 416 1561 451; x_wconf 87' lang='lat' dir='ltr'>aut</span> 
     </span>
     <span class='ocr_line' id='line_1_5' title="bbox 278 474 1562 541; baseline 0 -17"><span class='ocrx_word' id='word_1_29' title='bbox 278 477 496 540; x_wconf 90' lang='lat' dir='ltr'>Apiciana</span> <span class='ocrx_word' id='word_1_30' title='bbox 515 479 693 524; x_wconf 61' lang='lat' dir='ltr'>coftura</span> <span class='ocrx_word' id='word_1_31' title='bbox 712 513 726 535; x_wconf 80' lang='grc'><em>,</em></span> <span class='ocrx_word' id='word_1_32' title='bbox 747 476 853 522; x_wconf 92' lang='lat' dir='ltr'>oleo</span> <span class='ocrx_word' id='word_1_33' title='bbox 878 493 928 522; x_wconf 86' lang='lat' dir='ltr'>ac</span> <span class='ocrx_word' id='word_1_34' title='bbox 952 474 1035 522; x_wconf 87' lang='lat' dir='ltr'>sale</span> <span class='ocrx_word' id='word_1_35' title='bbox 1053 512 1066 534; x_wconf 89' lang='lat'>‚</span> <span class='ocrx_word' id='word_1_36' title='bbox 1085 476 1340 540; x_wconf 82' lang='lat' dir='ltr'>priusquam</span> <span class='ocrx_word' id='word_1_37' title='bbox 1357 494 1562 541; x_wconf 86' lang='lat' dir='ltr'>coquan-</span> 
     </span>
     <span class='ocr_line' id='line_1_6' title="bbox 278 549 1561 614; baseline -0.002 -16"><span class='ocrx_word' id='word_1_38' title='bbox 278 563 352 598; x_wconf 87' lang='lat' dir='ltr'>tur</span> <span class='ocrx_word' id='word_1_39' title='bbox 370 588 384 611; x_wconf 85' lang='lat'>‚</span> <span class='ocrx_word' id='word_1_40' title='bbox 423 551 671 599; x_wconf 79' lang='lat' dir='ltr'>maceratis,</span> <span class='ocrx_word' id='word_1_41' title='bbox 708 551 782 597; x_wconf 80' lang='lat' dir='ltr'>Est</span> <span class='ocrx_word' id='word_1_42' title='bbox 815 550 932 595; x_wconf 87' lang='lat' dir='ltr'>inter</span> <span class='ocrx_word' id='word_1_43' title='bbox 963 549 1122 596; x_wconf 87' lang='lat' dir='ltr'>herbas</span> <span class='ocrx_word' id='word_1_44' title='bbox 1145 567 1284 614; x_wconf 87' lang='lat' dir='ltr'>genus</span> <span class='ocrx_word' id='word_1_45' title='bbox 1311 550 1561 609; x_wconf 88' lang='lat' dir='ltr'>inserendi,</span> 
     </span>
     <span class='ocr_line' id='line_1_7' title="bbox 279 622 1562 690; baseline -0.001 -18"><span class='ocrx_word' id='word_1_46' title='bbox 279 626 472 690; x_wconf 77' lang='lat' dir='ltr'>praecisis</span> <span class='ocrx_word' id='word_1_47' title='bbox 500 624 775 689; x_wconf 77' lang='lat' dir='ltr'>germinibus</span> <span class='ocrx_word' id='word_1_48' title='bbox 805 622 970 681; x_wconf 84' lang='lat' dir='ltr'>caulis,</span> <span class='ocrx_word' id='word_1_49' title='bbox 991 624 1041 670; x_wconf 90' lang='lat'>&amp;</span> <span class='ocrx_word' id='word_1_50' title='bbox 1061 623 1108 669; x_wconf 92' lang='lat' dir='ltr'>in</span> <span class='ocrx_word' id='word_1_51' title='bbox 1134 625 1371 671; x_wconf 78' lang='lat' dir='ltr'>medullam</span> <span class='ocrx_word' id='word_1_52' title='bbox 1396 625 1562 672; x_wconf 85' lang='lat' dir='ltr'>semine</span> 
     </span>
     <span class='ocr_line' id='line_1_8' title="bbox 277 695 1559 746; baseline 0 -1"><span class='ocrx_word' id='word_1_53' title='bbox 277 716 334 746; x_wconf 77' lang='lat' dir='ltr'>ex</span> <span class='ocrx_word' id='word_1_54' title='bbox 361 699 457 746; x_wconf 88' lang='lat' dir='ltr'>aliis</span> <span class='ocrx_word' id='word_1_55' title='bbox 482 698 647 745; x_wconf 84' lang='lat' dir='ltr'>addito.</span> <span class='ocrx_word' id='word_1_56' title='bbox 680 698 782 742; x_wconf 81' lang='lat' dir='ltr'>Hoc</span> <span class='ocrx_word' id='word_1_57' title='bbox 808 698 858 743; x_wconf 83' lang='lat'>&amp;</span> <span class='ocrx_word' id='word_1_58' title='bbox 887 695 935 741; x_wconf 89' lang='lat' dir='ltr'>in</span> <span class='ocrx_word' id='word_1_59' title='bbox 963 713 1200 743; x_wconf 87' lang='lat' dir='ltr'>cucumere</span> <span class='ocrx_word' id='word_1_60' title='bbox 1226 697 1427 745; x_wconf 79' lang='lat' dir='ltr'>silvestri.</span> <span class='ocrx_word' id='word_1_61' title='bbox 1460 699 1559 745; x_wconf 92' lang='lat' dir='ltr'>Nec</span> 
     </span>
     <span class='ocr_line' id='line_1_9' title="bbox 278 767 1561 833; baseline -0.001 -15"><span class='ocrx_word' id='word_1_62' title='bbox 278 788 376 818; x_wconf 91' lang='lat' dir='ltr'>non</span> <span class='ocrx_word' id='word_1_63' title='bbox 395 771 495 817; x_wconf 85' lang='lat' dir='ltr'>olus</span> <span class='ocrx_word' id='word_1_64' title='bbox 522 785 707 833; x_wconf 78' lang='lat' dir='ltr'>quoque</span> <span class='ocrx_word' id='word_1_65' title='bbox 728 767 923 815; x_wconf 81' lang='lat' dir='ltr'>silvestre</span> <span class='ocrx_word' id='word_1_66' title='bbox 942 769 1003 814; x_wconf 89' lang='lat' dir='ltr'>est</span> <span class='ocrx_word' id='word_1_67' title='bbox 1033 768 1171 814; x_wconf 86' lang='lat' dir='ltr'>trium</span> <span class='ocrx_word' id='word_1_68' title='bbox 1195 769 1443 829; x_wconf 78' lang='lat' dir='ltr'>foliorum,</span> <span class='ocrx_word' id='word_1_69' title='bbox 1469 770 1561 817; x_wconf 85' lang='lat' dir='ltr'>Di-</span> 
     </span>
     <span class='ocr_line' id='line_1_10' title="bbox 278 840 1562 905; baseline -0.002 -12"><span class='ocrx_word' id='word_1_70' title='bbox 278 846 330 894; x_wconf 89' lang='lat' dir='ltr'>vi</span> <span class='ocrx_word' id='word_1_71' title='bbox 363 845 464 893; x_wconf 87' lang='lat' dir='ltr'>Julii</span> <span class='ocrx_word' id='word_1_72' title='bbox 495 841 768 890; x_wconf 69' lang='lat' dir='ltr'>carminibus</span> <span class='ocrx_word' id='word_1_73' title='bbox 802 840 1027 904; x_wconf 84' lang='lat' dir='ltr'>praecipue</span> <span class='ocrx_word' id='word_1_74' title='bbox 1062 840 1265 905; x_wconf 84' lang='lat' dir='ltr'>jocisque</span> <span class='ocrx_word' id='word_1_75' title='bbox 1296 840 1562 890; x_wconf 89' lang='lat' dir='ltr'>militaribus</span> 
     </span>
     <span class='ocr_line' id='line_1_11' title="bbox 279 913 1561 977; baseline -0.004 -11"><span class='ocrx_word' id='word_1_76' title='bbox 279 919 579 967; x_wconf 87' lang='lat' dir='ltr'>celebratum:</span> <span class='ocrx_word' id='word_1_77' title='bbox 611 914 787 961; x_wconf 73' lang='lat' dir='ltr'>alternis</span> <span class='ocrx_word' id='word_1_78' title='bbox 812 914 979 977; x_wconf 83' lang='lat' dir='ltr'>quippe</span> <span class='ocrx_word' id='word_1_79' title='bbox 998 913 1198 961; x_wconf 80' lang='lat' dir='ltr'>versibus</span> <span class='ocrx_word' id='word_1_80' title='bbox 1225 914 1561 977; x_wconf 83' lang='lat' dir='ltr'>exprobravere</span> 
     </span>
     <span class='ocr_line' id='line_1_12' title="bbox 279 986 1563 1054; baseline -0.003 -16"><span class='ocrx_word' id='word_1_81' title='bbox 279 991 454 1054; x_wconf 88' lang='lat' dir='ltr'>lapsana</span> <span class='ocrx_word' id='word_1_82' title='bbox 484 988 526 1035; x_wconf 94' lang='lat' dir='ltr'>se</span> <span class='ocrx_word' id='word_1_83' title='bbox 554 987 715 1038; x_wconf 74' lang='lat' dir='ltr'>vixisse</span> <span class='ocrx_word' id='word_1_84' title='bbox 749 986 870 1049; x_wconf 88' lang='lat' dir='ltr'>apud</span> <span class='ocrx_word' id='word_1_85' title='bbox 904 986 1244 1050; x_wconf 84' lang='lat' dir='ltr'>Dyrrachium,</span> <span class='ocrx_word' id='word_1_86' title='bbox 1271 987 1563 1048; x_wconf 80' lang='lat' dir='ltr'>praemiorum</span> 
     </span>
     <span class='ocr_line' id='line_1_13' title="bbox 278 1059 1562 1130; baseline -0.003 -18"><span class='ocrx_word' id='word_1_87' title='bbox 278 1062 607 1130; x_wconf 83' lang='lat' dir='ltr'>parcimoniam</span> <span class='ocrx_word' id='word_1_88' title='bbox 638 1060 935 1109; x_wconf 86' lang='lat' dir='ltr'>cavillantes:</span> <span class='ocrx_word' id='word_1_89' title='bbox 967 1059 1028 1106; x_wconf 89' lang='lat' dir='ltr'>est</span> <span class='ocrx_word' id='word_1_90' title='bbox 1060 1070 1207 1107; x_wconf 88' lang='lat' dir='ltr'>autem</span> <span class='ocrx_word' id='word_1_91' title='bbox 1242 1060 1288 1106; x_wconf 89' lang='lat' dir='ltr'>id</span> <span class='ocrx_word' id='word_1_92' title='bbox 1317 1078 1454 1124; x_wconf 83' lang='lat' dir='ltr'>cyma</span> <span class='ocrx_word' id='word_1_93' title='bbox 1486 1060 1562 1108; x_wconf 91' lang='lat' dir='ltr'>fil-</span> 
     </span>
     <span class='ocr_line' id='line_1_14' title="bbox 282 1136 1125 1188; baseline -0.006 0"><span class='ocrx_word' id='word_1_94' title='bbox 282 1138 456 1188; x_wconf 78' lang='lat' dir='ltr'>vestris.</span> <span class='ocrx_word' id='word_1_95' title='bbox 1122 1136 1125 1137; x_wconf 44' lang='lat'><em>⁷</em></span> 
     </span>
    </p>

    <p class='ocr_par' dir='ltr' id='par_1_3' title="bbox 276 1204 1561 2197">
     <span class='ocr_line' id='line_1_15' title="bbox 327 1204 1561 1269; baseline -0.002 -12"><span class='ocrx_word' id='word_1_96' title='bbox 327 1212 464 1258; x_wconf 87' lang='lat' dir='ltr'>XLII.</span> <span class='ocrx_word' id='word_1_97' title='bbox 483 1207 702 1254; x_wconf 83' lang='lat' dir='ltr'>Omnium</span> <span class='ocrx_word' id='word_1_98' title='bbox 720 1205 1056 1252; x_wconf 82' lang='lat' dir='ltr'>hortensiorum</span> <span class='ocrx_word' id='word_1_99' title='bbox 1069 1204 1303 1252; x_wconf 86' lang='lat' dir='ltr'>lautiffima</span> <span class='ocrx_word' id='word_1_100' title='bbox 1322 1222 1431 1253; x_wconf 84' lang='lat' dir='ltr'>cura</span> <span class='ocrx_word' id='word_1_101' title='bbox 1449 1205 1561 1269; x_wconf 86' lang='lat' dir='ltr'>aspa-</span> 
     </span>
     <span class='ocr_line' id='line_1_16' title="bbox 278 1277 1559 1347; baseline -0.005 -16"><span class='ocrx_word' id='word_1_102' title='bbox 278 1284 410 1347; x_wconf 79' lang='lat' dir='ltr'>ragis.</span> <span class='ocrx_word' id='word_1_103' title='bbox 446 1281 520 1328; x_wconf 87' lang='lat' dir='ltr'>De</span> <span class='ocrx_word' id='word_1_104' title='bbox 537 1279 712 1343; x_wconf 78' lang='lat' dir='ltr'>origine</span> <span class='ocrx_word' id='word_1_105' title='bbox 729 1294 889 1324; x_wconf 86' lang='lat' dir='ltr'>eorum</span> <span class='ocrx_word' id='word_1_106' title='bbox 907 1277 955 1324; x_wconf 88' lang='lat' dir='ltr'>in</span> <span class='ocrx_word' id='word_1_107' title='bbox 979 1277 1255 1325; x_wconf 72' lang='lat' dir='ltr'>silvestribus</span> <span class='ocrx_word' id='word_1_108' title='bbox 1280 1278 1396 1325; x_wconf 88' lang='lat' dir='ltr'>curis</span> <span class='ocrx_word' id='word_1_109' title='bbox 1415 1279 1559 1325; x_wconf 87' lang='lat' dir='ltr'>abun-</span> 
     </span>
     <span class='ocr_line' id='line_1_17' title="bbox 279 1351 1560 1416; baseline -0.005 -10"><span class='ocrx_word' id='word_1_110' title='bbox 279 1360 335 1407; x_wconf 85' lang='lat' dir='ltr'>‹le</span> <span class='ocrx_word' id='word_1_111' title='bbox 357 1356 548 1411; x_wconf 57' lang='lat' dir='ltr'>dierum,</span> <span class='ocrx_word' id='word_1_112' title='bbox 573 1356 622 1400; x_wconf 86' lang='lat'>&amp;</span> <span class='ocrx_word' id='word_1_113' title='bbox 651 1353 887 1416; x_wconf 85' lang='lat' dir='ltr'>quomodo</span> <span class='ocrx_word' id='word_1_114' title='bbox 917 1368 996 1398; x_wconf 87' lang='lat' dir='ltr'>eos</span> <span class='ocrx_word' id='word_1_115' title='bbox 1020 1351 1194 1414; x_wconf 84' lang='lat' dir='ltr'>juberet</span> <span class='ocrx_word' id='word_1_116' title='bbox 1217 1353 1335 1399; x_wconf 88' lang='lat' dir='ltr'>Cato</span> <span class='ocrx_word' id='word_1_117' title='bbox 1357 1353 1409 1400; x_wconf 90' lang='lat' dir='ltr'>in</span> <span class='ocrx_word' id='word_1_118' title='bbox 1427 1370 1560 1400; x_wconf 89' lang='lat' dir='ltr'>arun-</span> 
     </span>
     <span class='ocr_line' id='line_1_18' title="bbox 280 1422 1560 1488; baseline -0.004 -12"><span class='ocrx_word' id='word_1_119' title='bbox 280 1429 441 1477; x_wconf 87' lang='lat' dir='ltr'>dinetis</span> <span class='ocrx_word' id='word_1_120' title='bbox 459 1427 555 1473; x_wconf 89' lang='lat' dir='ltr'>seri.</span> <span class='ocrx_word' id='word_1_121' title='bbox 587 1425 660 1471; x_wconf 80' lang='lat' dir='ltr'>Est</span> <span class='ocrx_word' id='word_1_122' title='bbox 683 1425 806 1470; x_wconf 88' lang='lat' dir='ltr'>aliud</span> <span class='ocrx_word' id='word_1_123' title='bbox 831 1440 967 1488; x_wconf 82' lang='lat' dir='ltr'>genus</span> <span class='ocrx_word' id='word_1_124' title='bbox 987 1422 1196 1470; x_wconf 84' lang='lat' dir='ltr'>incultius</span> <span class='ocrx_word' id='word_1_125' title='bbox 1218 1423 1428 1488; x_wconf 87' lang='lat' dir='ltr'>asparago</span> <span class='ocrx_word' id='word_1_126' title='bbox 1443 1460 1458 1484; x_wconf 86' lang='lat'><strong><em>‚</em></strong></span> <span class='ocrx_word' id='word_1_127' title='bbox 1477 1425 1560 1471; x_wconf 90' lang='lat' dir='ltr'>mi-</span> 
     </span>
     <span class='ocr_line' id='line_1_19' title="bbox 280 1495 1561 1558; baseline -0.004 -10"><span class='ocrx_word' id='word_1_128' title='bbox 280 1502 369 1548; x_wconf 83' lang='lat' dir='ltr'>tius</span> <span class='ocrx_word' id='word_1_129' title='bbox 396 1499 611 1554; x_wconf 81' lang='lat' dir='ltr'>corruda,</span> <span class='ocrx_word' id='word_1_130' title='bbox 645 1497 801 1558; x_wconf 70' lang='lat' dir='ltr'>passim</span> <span class='ocrx_word' id='word_1_131' title='bbox 828 1496 962 1541; x_wconf 82' lang='lat' dir='ltr'>etiam</span> <span class='ocrx_word' id='word_1_132' title='bbox 988 1496 1221 1543; x_wconf 87' lang='lat' dir='ltr'>montibus</span> <span class='ocrx_word' id='word_1_133' title='bbox 1252 1495 1462 1555; x_wconf 83' lang='lat' dir='ltr'>nascens,</span> <span class='ocrx_word' id='word_1_134' title='bbox 1489 1513 1561 1544; x_wconf 91' lang='lat' dir='ltr'>re-</span> 
     </span>
     <span class='ocr_line' id='line_1_20' title="bbox 282 1570 1560 1635; baseline -0.003 -12"><span class='ocrx_word' id='word_1_135' title='bbox 282 1575 405 1623; x_wconf 84' lang='lat' dir='ltr'>fertis</span> <span class='ocrx_word' id='word_1_136' title='bbox 441 1570 679 1635; x_wconf 83' lang='lat' dir='ltr'>superioris</span> <span class='ocrx_word' id='word_1_137' title='bbox 717 1570 972 1615; x_wconf 80' lang='lat' dir='ltr'>Germaniae</span> <span class='ocrx_word' id='word_1_138' title='bbox 1002 1571 1202 1632; x_wconf 84' lang='lat' dir='ltr'>campis,</span> <span class='ocrx_word' id='word_1_139' title='bbox 1242 1588 1338 1617; x_wconf 92' lang='lat' dir='ltr'>non</span> <span class='ocrx_word' id='word_1_140' title='bbox 1375 1570 1560 1619; x_wconf 87' lang='lat' dir='ltr'>inficeto</span> 
     </span>
     <span class='ocr_line' id='line_1_21' title="bbox 282 1640 1559 1705; baseline -0.004 -11"><span class='ocrx_word' id='word_1_141' title='bbox 282 1645 453 1694; x_wconf 88' lang='lat' dir='ltr'>Tiberii</span> <span class='ocrx_word' id='word_1_142' title='bbox 485 1641 668 1689; x_wconf 73' lang='lat' dir='ltr'>Caesaris</span> <span class='ocrx_word' id='word_1_143' title='bbox 702 1640 820 1686; x_wconf 56' lang='lat' dir='ltr'>dieto</span> <span class='ocrx_word' id='word_1_144' title='bbox 838 1676 852 1699; x_wconf 89' lang='lat'>‚</span> <span class='ocrx_word' id='word_1_145' title='bbox 885 1641 1065 1686; x_wconf 86' lang='lat' dir='ltr'>herbam</span> <span class='ocrx_word' id='word_1_146' title='bbox 1094 1641 1157 1687; x_wconf 89' lang='lat' dir='ltr'>ibi</span> <span class='ocrx_word' id='word_1_147' title='bbox 1190 1642 1413 1705; x_wconf 88' lang='lat' dir='ltr'>quandam</span> <span class='ocrx_word' id='word_1_148' title='bbox 1441 1642 1559 1689; x_wconf 86' lang='lat' dir='ltr'>nasci</span> 
     </span>
     <span class='ocr_line' id='line_1_22' title="bbox 277 1712 1558 1776; baseline -0.002 -11"><span class='ocrx_word' id='word_1_149' title='bbox 277 1716 548 1765; x_wconf 80' lang='lat' dir='ltr'>simillimam</span> <span class='ocrx_word' id='word_1_150' title='bbox 584 1712 806 1775; x_wconf 79' lang='lat' dir='ltr'>asparago.</span> <span class='ocrx_word' id='word_1_151' title='bbox 849 1712 965 1757; x_wconf 91' lang='lat' dir='ltr'>Nam</span> <span class='ocrx_word' id='word_1_152' title='bbox 994 1712 1119 1776; x_wconf 89' lang='lat' dir='ltr'>quod</span> <span class='ocrx_word' id='word_1_153' title='bbox 1148 1713 1196 1758; x_wconf 89' lang='lat' dir='ltr'>in</span> <span class='ocrx_word' id='word_1_154' title='bbox 1227 1712 1387 1760; x_wconf 90' lang='lat' dir='ltr'>Nefide</span> <span class='ocrx_word' id='word_1_155' title='bbox 1420 1716 1558 1761; x_wconf 89' lang='lat' dir='ltr'>Cam-</span> 
     </span>
     <span class='ocr_line' id='line_1_23' title="bbox 280 1783 1556 1854; baseline -0.002 -18"><span class='ocrx_word' id='word_1_156' title='bbox 280 1790 428 1854; x_wconf 83' lang='lat' dir='ltr'>paniae</span> <span class='ocrx_word' id='word_1_157' title='bbox 455 1786 596 1833; x_wconf 85' lang='lat' dir='ltr'>insula</span> <span class='ocrx_word' id='word_1_158' title='bbox 616 1784 774 1847; x_wconf 85' lang='lat' dir='ltr'>sponte</span> <span class='ocrx_word' id='word_1_159' title='bbox 798 1783 1021 1842; x_wconf 77' lang='lat' dir='ltr'>nascitur,</span> <span class='ocrx_word' id='word_1_160' title='bbox 1056 1784 1193 1849; x_wconf 85' lang='lat' dir='ltr'>longe</span> <span class='ocrx_word' id='word_1_161' title='bbox 1214 1786 1438 1848; x_wconf 85' lang='lat' dir='ltr'>optimum</span> <span class='ocrx_word' id='word_1_162' title='bbox 1457 1787 1556 1834; x_wconf 83' lang='lat' dir='ltr'>exi—</span> 
     </span>
     <span class='ocr_line' id='line_1_24' title="bbox 279 1855 1558 1922; baseline -0.003 -13"><span class='ocrx_word' id='word_1_163' title='bbox 279 1863 491 1910; x_wconf 86' lang='lat' dir='ltr'>stimatur.</span> <span class='ocrx_word' id='word_1_164' title='bbox 515 1857 804 1904; x_wconf 75' lang='lat' dir='ltr'>Hortensium</span> <span class='ocrx_word' id='word_1_165' title='bbox 825 1855 979 1902; x_wconf 86' lang='lat' dir='ltr'>seritur</span> <span class='ocrx_word' id='word_1_166' title='bbox 999 1855 1216 1920; x_wconf 85' lang='lat' dir='ltr'>spongiis:</span> <span class='ocrx_word' id='word_1_167' title='bbox 1236 1858 1298 1903; x_wconf 88' lang='lat' dir='ltr'>est</span> <span class='ocrx_word' id='word_1_168' title='bbox 1316 1859 1434 1904; x_wconf 90' lang='lat' dir='ltr'>enim</span> <span class='ocrx_word' id='word_1_169' title='bbox 1459 1859 1558 1922; x_wconf 87' lang='lat' dir='ltr'>plu-</span> 
     </span>
     <span class='ocr_line' id='line_1_25' title="bbox 278 1928 1559 1996; baseline -0.002 -14"><span class='ocrx_word' id='word_1_170' title='bbox 278 1936 406 1982; x_wconf 82' lang='lat' dir='ltr'>rimae</span> <span class='ocrx_word' id='word_1_171' title='bbox 437 1931 595 1978; x_wconf 81' lang='lat' dir='ltr'>radicis</span> <span class='ocrx_word' id='word_1_172' title='bbox 614 1966 628 1988; x_wconf 77' lang='lat'>,</span> <span class='ocrx_word' id='word_1_173' title='bbox 657 1928 946 1991; x_wconf 76' lang='lat' dir='ltr'>altissimeque</span> <span class='ocrx_word' id='word_1_174' title='bbox 973 1930 1203 1992; x_wconf 83' lang='lat' dir='ltr'>germinat.</span> <span class='ocrx_word' id='word_1_175' title='bbox 1238 1931 1366 1976; x_wconf 90' lang='lat' dir='ltr'>Viret</span> <span class='ocrx_word' id='word_1_176' title='bbox 1393 1930 1559 1996; x_wconf 85' lang='lat' dir='ltr'>thyrso</span> 
     </span>
     <span class='ocr_line' id='line_1_26' title="bbox 277 2001 1554 2069; baseline 0 -18"><span class='ocrx_word' id='word_1_177' title='bbox 277 2007 474 2069; x_wconf 83' lang='lat' dir='ltr'>primum</span> <span class='ocrx_word' id='word_1_178' title='bbox 505 2004 753 2050; x_wconf 83' lang='lat' dir='ltr'>emicante:</span> <span class='ocrx_word' id='word_1_179' title='bbox 785 2001 863 2065; x_wconf 85' lang='lat' dir='ltr'>qui</span> <span class='ocrx_word' id='word_1_180' title='bbox 897 2002 1070 2048; x_wconf 88' lang='lat' dir='ltr'>caulem</span> <span class='ocrx_word' id='word_1_181' title='bbox 1099 2003 1320 2061; x_wconf 84' lang='lat' dir='ltr'>educens,</span> <span class='ocrx_word' id='word_1_182' title='bbox 1349 2014 1554 2067; x_wconf 88' lang='lat' dir='ltr'>tempore</span> 
     </span>
     <span class='ocr_line' id='line_1_27' title="bbox 276 2073 1556 2141; baseline 0 -17"><span class='ocrx_word' id='word_1_183' title='bbox 276 2079 378 2141; x_wconf 82' lang='lat' dir='ltr'>ipso</span> <span class='ocrx_word' id='word_1_184' title='bbox 400 2076 621 2140; x_wconf 79' lang='lat' dir='ltr'>fastigatus</span> <span class='ocrx_word' id='word_1_185' title='bbox 657 2075 704 2120; x_wconf 84' lang='lat' dir='ltr'>in</span> <span class='ocrx_word' id='word_1_186' title='bbox 733 2086 863 2120; x_wconf 88' lang='lat' dir='ltr'>toros</span> <span class='ocrx_word' id='word_1_187' title='bbox 893 2073 1083 2122; x_wconf 89' lang='lat' dir='ltr'>striatur.</span> <span class='ocrx_word' id='word_1_188' title='bbox 1128 2074 1277 2122; x_wconf 80' lang='lat' dir='ltr'>Potest</span> <span class='ocrx_word' id='word_1_189' title='bbox 1309 2077 1360 2124; x_wconf 89' lang='lat'>&amp;</span> <span class='ocrx_word' id='word_1_190' title='bbox 1389 2076 1556 2124; x_wconf 85' lang='lat' dir='ltr'>semine</span> 
     </span>
     <span class='ocr_line' id='line_1_28' title="bbox 280 2151 377 2197; baseline -0.01 0"><span class='ocrx_word' id='word_1_191' title='bbox 280 2151 377 2197; x_wconf 77' lang='lat' dir='ltr'>seri.</span> 
     </span>
    </p>

    <p class='ocr_par' dir='ltr' id='par_1_4' title="bbox 278 2221 1554 2507">
     <span class='ocr_line' id='line_1_29' title="bbox 323 2221 1554 2285; baseline 0 -15"><span class='ocrx_word' id='word_1_192' title='bbox 323 2223 449 2270; x_wconf 75' lang='lat' dir='ltr'>Nihil</span> <span class='ocrx_word' id='word_1_193' title='bbox 464 2221 720 2285; x_wconf 83' lang='lat' dir='ltr'>diligentius</span> <span class='ocrx_word' id='word_1_194' title='bbox 738 2222 1078 2284; x_wconf 86' lang='lat' dir='ltr'>comprehendit</span> <span class='ocrx_word' id='word_1_195' title='bbox 1093 2223 1208 2269; x_wconf 89' lang='lat' dir='ltr'>Cato</span> <span class='ocrx_word' id='word_1_196' title='bbox 1219 2259 1232 2282; x_wconf 84' lang='lat'>‚</span> <span class='ocrx_word' id='word_1_197' title='bbox 1245 2223 1554 2271; x_wconf 87' lang='lat' dir='ltr'>noviffimum-</span> 
     </span>
     <span class='ocr_line' id='line_1_30' title="bbox 278 2295 1554 2361; baseline 0 -17"><span class='ocrx_word' id='word_1_198' title='bbox 278 2314 368 2361; x_wconf 74' lang='lat' dir='ltr'>que</span> <span class='ocrx_word' id='word_1_199' title='bbox 391 2297 493 2343; x_wconf 86' lang='lat' dir='ltr'>libri</span> <span class='ocrx_word' id='word_1_200' title='bbox 513 2295 603 2353; x_wconf 84' lang='lat' dir='ltr'>est,</span> <span class='ocrx_word' id='word_1_201' title='bbox 634 2307 686 2341; x_wconf 87' lang='lat' dir='ltr'>ut</span> <span class='ocrx_word' id='word_1_202' title='bbox 714 2306 921 2357; x_wconf 80' lang='lat' dir='ltr'>appareat</span> <span class='ocrx_word' id='word_1_203' title='bbox 953 2296 1233 2358; x_wconf 87' lang='lat' dir='ltr'>repentinam</span> <span class='ocrx_word' id='word_1_204' title='bbox 1252 2314 1302 2344; x_wconf 88' lang='lat' dir='ltr'>ac</span> <span class='ocrx_word' id='word_1_205' title='bbox 1330 2298 1554 2345; x_wconf 87' lang='lat' dir='ltr'>novitiam</span> 
     </span>
     <span class='ocr_line' id='line_1_31' title="bbox 281 2367 1552 2433; baseline -0.001 -16"><span class='ocrx_word' id='word_1_206' title='bbox 281 2371 386 2416; x_wconf 75' lang='lat' dir='ltr'>viro</span> <span class='ocrx_word' id='word_1_207' title='bbox 420 2386 571 2415; x_wconf 78' lang='lat' dir='ltr'>curam</span> <span class='ocrx_word' id='word_1_208' title='bbox 605 2367 743 2413; x_wconf 82' lang='lat' dir='ltr'>suiffe.</span> <span class='ocrx_word' id='word_1_209' title='bbox 791 2369 965 2414; x_wconf 80' lang='lat' dir='ltr'>Locum</span> <span class='ocrx_word' id='word_1_210' title='bbox 998 2368 1137 2433; x_wconf 79' lang='lat' dir='ltr'>subigi</span> <span class='ocrx_word' id='word_1_211' title='bbox 1166 2369 1290 2431; x_wconf 85' lang='lat' dir='ltr'>jubet</span> <span class='ocrx_word' id='word_1_212' title='bbox 1321 2368 1552 2416; x_wconf 86' lang='lat' dir='ltr'>humidum</span> 
     </span>
     <span class='ocr_line' id='line_1_32' title="bbox 280 2441 1552 2507; baseline -0.001 -17"><span class='ocrx_word' id='word_1_213' title='bbox 280 2445 329 2490; x_wconf 61' lang='grc' dir='ltr'><strong>ἃ</strong></span> <span class='ocrx_word' id='word_1_214' title='bbox 354 2443 561 2490; x_wconf 54' lang='lat' dir='ltr'>cratium:</span> <span class='ocrx_word' id='word_1_215' title='bbox 590 2441 841 2504; x_wconf 72' lang='lat' dir='ltr'>semipedali</span> <span class='ocrx_word' id='word_1_216' title='bbox 874 2443 1074 2507; x_wconf 76' lang='lat' dir='ltr'>undique</span> <span class='ocrx_word' id='word_1_217' title='bbox 1108 2443 1351 2494; x_wconf 81' lang='lat' dir='ltr'>intervallo</span> <span class='ocrx_word' id='word_1_218' title='bbox 1370 2443 1474 2503; x_wconf 84' lang='lat' dir='ltr'>seri,</span> <span class='ocrx_word' id='word_1_219' title='bbox 1496 2459 1552 2490; x_wconf 83' lang='lat' dir='ltr'>ne</span> 
     </span>
    </p>
   </div>
  </div>
 </body>
</html>
