1653 2797
234 178 330 229 254
486 161 848 208 C.PLINII
895 162 1264 212 SECUNDI

231 288 330 336 pars
355 269 528 316 malunt
557 268 716 316 fabalia
739 282 924 316 maturae
952 269 1162 330 sationis,
1196 287 1328 336 quam
1350 275 1506 321 trime-

231 346 362 391 strem
386 343 594 389 fructum.
627 342 732 405 Ejus
751 360 942 407 namque
965 344 1133 407 filiquae
1159 344 1390 409 caulesque
1408 364 1506 411 gra-

228 415 394 462 tiffimo
420 413 518 459 sunt
544 413 709 476 pabulo
739 414 906 476 pecori.
949 416 1102 478 Aquas
1140 416 1187 462 in
1215 416 1329 464 flore
1358 419 1503 465 maxi-

228 502 301 531 me
335 484 642 548 concupiscit:
675 502 788 532 cum
811 502 926 532 vero
954 486 1167 534 defloruit
1186 523 1200 546 ,
1231 487 1413 552 exiguas
1431 490 1509 535 de-

227 558 400 606 fiderat.
435 558 613 616 Solum,
640 559 687 604 in
722 575 814 621 quo
838 556 924 604 sata
956 559 1044 616 est,
1079 558 1274 607 laetificat
1295 560 1506 608 stercoris

225 633 347 679 vice.
366 633 471 679 Ideo
497 633 613 680 circa
632 631 945 678 Macedoniam
959 668 973 691 ‚
997 632 1349 700 Thessaliamque
1363 671 1377 692 ,
1399 652 1504 682 cum

221 704 389 752 florere
417 706 586 769 coepit,
612 716 799 752 vertunt
836 722 962 752 arva.

299 778 506 825 Nascitur
533 780 583 825 &
616 776 691 824 sua
718 776 876 840 sponte
906 778 1126 843 plerisque
1154 779 1201 825 in
1229 779 1368 837 locis,
1391 780 1503 828 sicut

224 850 598 914 septemtrionalis
630 850 789 895 oceani
827 848 1008 908 insulis,
1038 868 1148 914 quas
1178 851 1242 897 ob
1274 852 1322 898 id
1363 851 1504 898 nostri

222 923 429 972 fabarias
466 921 720 984 appellant:
751 921 858 968 item
890 922 936 968 in
975 923 1253 970 Mauretania
1293 922 1504 969 silvestris

224 996 408 1059 paffim,
429 993 500 1040 sed
525 994 749 1056 praedura,
784 997 834 1041 &
857 1012 955 1058 quae
981 996 1201 1059 percoqui
1232 1012 1328 1042 non
1353 995 1503 1058 possit.

309 1066 515 1113 Nascitur
550 1068 600 1112 δέ
631 1067 677 1111 in
703 1067 907 1130 AEgypto
943 1066 1123 1129 spinoso
1154 1067 1301 1113 caule:
1329 1083 1416 1129 qua
1449 1066 1504 1112 de

223 1138 355 1186 causa
385 1138 608 1186 crocodili
646 1139 790 1185 oculis
824 1139 1030 1185 timentes
1064 1139 1300 1202 refugiunt.
1331 1139 1503 1202 Longi-

225 1212 340 1258 1udo
366 1211 495 1274 scapo
514 1225 709 1275 quatuor
731 1211 988 1258 cubitorum
1009 1211 1092 1269 est,
1113 1210 1371 1273 ampliffima
1393 1211 1502 1258 oras-

226 1286 401 1333 situdo:
428 1303 511 1333 nec
548 1286 754 1350 genicula
783 1286 943 1344 habet,
975 1286 1104 1332 molli
1141 1286 1342 1333 calamo:
1379 1285 1500 1332 fimi-

226 1357 271 1404 ie
303 1371 438 1421 caput
456 1358 700 1422 papaveri,
730 1359 889 1407 colore
913 1360 1075 1407 roseo:
1112 1359 1158 1405 in
1182 1376 1239 1406 eo
1266 1359 1380 1406 fabae
1405 1376 1501 1406 non

230 1430 358 1492 supra
385 1431 600 1478 tricenas:
632 1431 743 1478 folia
787 1433 960 1495 ampla:
990 1432 1157 1479 fructus
1196 1431 1288 1495 ipse
1327 1447 1503 1479 amarus

228 1504 279 1549 &
309 1504 481 1550 odore:
515 1504 588 1550 sed
622 1505 749 1550 radix
781 1523 995 1568 perquam
1025 1506 1142 1552 lauta
1164 1505 1414 1552 incolarum
1440 1505 1502 1551 ci-

225 1576 293 1622 bis
309 1611 323 1634 ,
361 1577 519 1633 cruda,
541 1579 591 1624 &
619 1578 809 1624 omnino
838 1579 1020 1624 deco&a
1038 1613 1052 1636 ‚
1088 1579 1355 1625 arundinum
1382 1578 1501 1624 radi-

228 1650 353 1695 cibus
389 1650 553 1696 sunilis.
581 1650 790 1697 Nascitur
817 1651 931 1697 &in
959 1649 1122 1713 Syria,
1150 1649 1424 1713 Ciliciaque,
1449 1649 1499 1695 &

227 1721 274 1766 in
293 1723 483 1768 Torone
516 1722 746 1769 Chalcidis
778 1722 892 1770 lacu.

292 1796 462 1841 XXXI.
495 1798 560 1841 Ex
594 1795 890 1859 leguminibus
909 1812 1057 1842 autem
1073 1795 1327 1843 Novembri
1351 1793 1501 1840 serun-

224 1881 298 1914 tur
331 1868 424 1914 lens
442 1904 456 1926 ‚
481 1870 531 1916 ὃ(
561 1869 607 1915 in
633 1869 812 1916 Graecia
842 1869 1002 1932 pisum.
1055 1873 1168 1916 Lens
1208 1881 1327 1916 amat
1358 1867 1502 1914 solum

227 1953 359 1987 tenue
395 1940 534 2004 magis
550 1977 562 1998 ,
591 1958 722 2004 quam
747 1941 936 2005 pingue,
962 1941 1117 1989 caelum
1145 1941 1298 2004 utique
1321 1940 1500 1987 siccum.

214 2017 341 2063 -Duo
374 2033 533 2078 genera
568 2015 660 2078 ejus
697 2016 744 2062 in
777 2017 1002 2080 AEgypt0:
1046 2015 1231 2061 alterum
1265 2012 1501 2060 rotundius

229 2087 692 2151 nigriuique.,alterum
715 2087 787 2134 sua
804 2086 957 2151 figura.
973 2088 1104 2134 Unde
1124 2087 1253 2134 vario
1270 2086 1348 2132 usu
1369 2098 1501 2131 trans-

226 2162 365 2206 latum
397 2161 458 2207 est
488 2161 534 2206 in
560 2161 794 2208 lenticulas
822 2177 1008 2206 nomen.
1041 2160 1234 2209 Invenio
1259 2159 1376 2222 apud
1393 2174 1502 2204 auc—

223 2246 376 2291 tores,
409 2234 786 2296 aequanimitatem
817 2232 914 2278 fieri
938 2232 1220 2278 vescentibus
1247 2248 1311 2276 ea.
1350 2229 1499 2275 Pisum

226 2307 273 2352 in
311 2306 472 2369 apricis
509 2305 590 2352 seri
625 2307 781 2363 debet,
809 2305 1026 2368 frigorum
1059 2304 1498 2367 impatientissimum.

222 2379 328 2425 Ideo
349 2380 394 2424 in
420 2378 568 2437 Italia,
588 2380 638 2425 &
658 2380 704 2424 in
732 2378 972 2424 austeriore
992 2378 1105 2424 caelo
1136 2393 1232 2424 non
1254 2376 1335 2424 nisi
1353 2389 1498 2424 verno

223 2463 459 2513 tempore,
483 2465 599 2498 terra
625 2449 746 2497 facili
776 2466 826 2496 ac
847 2448 908 2495 sol
919 2464 1012 2497 uta.·
