1653 2797
146 135 242 180 424
425 113 1171 163 c.PL1N11sEcuND1

143 227 292 274 semen
329 235 504 289 potum.
551 223 836 269 Xenocrates
872 220 1007 268 tradit
1042 220 1358 281 rem'miram,
1386 222 1421 270 fi

143 317 252 347 vera
289 297 378 344 est:
417 294 640 342 menstrua
675 294 901 342 contineri
937 311 1032 341 uno
1071 295 1176 354 die',
1211 295 1244 341 fi
1279 313 1422 343 unum

142 390 331 438 granum
365 370 560 418 biberint
587 368 793 417 feminae:
823 368 991 428 biduo,
1019 369 1051 416 fi
1082 369 1201 416 duo:
1233 371 1282 418 &
1309 370 1421 418 toti-

142 448 244 494 dem
273 446 427 492 diebus
456 456 569 508 quot
596 460 731 507 grana
762 443 1006 491 sumserint.
1040 447 1219 492 Marcus
1243 447 1420 506 Varro,

142 519 386 567 coriandro
421 517 612 565 subtrito
644 534 747 564 cum
774 528 903 564 aceto
920 553 936 576 ,
971 534 1150 565 carnem
1177 518 1422 584 incorrup-

140 606 232 642 tam
261 592 406 639 aestate
441 590 608 638 servari
630 603 773 653 putat.

220 667 472 714 LXXXIII.
503 664 710 726 Atriplex
744 665 793 711 δε
816 662 1013 711 silvestre
1048 665 1098 712 &
1126 663 1316 712 sativum
1345 666 1421 714 est.

139 741 421 806 Pythagoras
442 775 456 797 ,
490 751 703 801 tanquam
739 737 906 784 faceret
935 737 1252 802 hydropicos,
1290 757 1420 787 mor-

138 814 308 876 bosque
345 812 520 876 regios,
561 813 610 857 &
639 810 858 873 pallorem
877 847 891 869 ,
928 826 1294 876 concoqueretur
1322 814 1420 868 ,dif-

138 887 367 934 ficillime:
406 903 457 933 ac
493 901 548 932 ne
582 885 629 931 in
665 884 809 932 hortis
845 885 1025 948 quidem
1058 885 1186 948 juxta
1218 888 1264 934 id
1302 888 1419 936 nasci

136 961 380 1024 quidquam
393 995 407 1017 ‚
427 958 504 1004 nifi
524 958 780 1022 languidum
793 994 806 1016 ‚
825 958 1039 1021 culpavit.
1060 960 1282 1007 Addidere
1299 961 1420 1009 Dio-

138 1035 292 1097 nysius
326 1033 375 1079 &
405 1031 623 1088 Diocles,
650 1031 872 1094 plurimos
892 1030 1014 1095 gigni
1041 1049 1097 1078 ex
1127 1049 1184 1078 eo
1216 1034 1419 1082 morbos.

139 1112 235 1156 Nec
268 1107 349 1153 nifi
393 1119 555 1154 mutata
598 1105 710 1169 saepe
745 1123 857 1170 aqua
891 1108 1208 1171 coquendum:
1255 1108 1419 1156 stoma-

138 1185 228 1231 cho
254 1182 530 1229 contrarium
556 1179 638 1225 effe
655 1214 668 1238 ‚
691 1179 925 1243 lentigines
951 1182 1001 1228 &
1021 1181 1205 1245 papulas
1225 1182 1420 1246 gignere.

137 1257 312 1311 Miror,
344 1271 479 1318 quare
513 1253 751 1300 difficulter
773 1253 820 1299 in
846 1252 967 1300 ltalia
997 1254 1042 1300 id
1070 1254 1190 1302 nasci
1219 1255 1418 1303 tradide-

135 1330 195 1377 rit
226 1327 369 1374 Solon
407 1327 681 1389 Smyrnaeus.
723 1324 1023 1387 Hippocrates
1057 1327 1302 1375 vulvarum
1343 1328 1417 1376 vi-

136 1403 209 1449 tiis
233 1402 279 1447 id
307 1398 506 1446 infundit
530 1415 632 1443 cum
649 1398 764 1443 beta.
792 1399 942 1462 Lycus
961 1399 1286 1462 Neapolitanus
1306 1418 1416 1449 con-

135 1487 201 1521 tra
227 1472 502 1521 cantharidas
539 1471 781 1517 bibendum
816 1471 950 1518 dedit.
988 1472 1162 1530 Panos,
1196 1472 1416 1521 furuncu-

135 1549 206 1596 los
232 1547 518 1608 incipientes,
542 1543 724 1589 duritias
743 1560 903 1590 omnes
921 1580 935 1602 ‚
959 1544 1036 1592 vel
1060 1547 1194 1593 cocto
1213 1547 1298 1594 vel.
1315 1564 1418 1594 cru-

137 1623 198 1668 do
219 1619 388 1668 utiliter
415 1616 528 1664 illini
550 1616 737 1679 putavit.
769 1619 879 1662 Item
911 1616 1060 1678 ignem
1089 1617 1285 1677 sacrum,
1312 1637 1415 1666 cum

136 1694 268 1742 melle
287 1730 302 1750 ,
330 1702 458 1738 aceto
488 1690 725 1751 nitroque:
756 1687 953 1734 similiter
975 1689 1205 1753 podagras.
1229 1694 1415 1754 Ungues

138 1768 317 1815 scabros
346 1762 574 1811 detrahere
602 1761 764 1807 dicitur
790 1759 880 1806 sine
909 1759 1104 1808 hulcere.
1136 1763 1248 1809 Sunt
1270 1764 1414 1826 qui&

136 1840 303 1888 morbo
333 1837 459 1900 regio
496 1835 602 1881 dent
622 1833 771 1881 semen
801 1832 894 1895 ejus
925 1844 1024 1881 cum
1045 1834 1175 1882 melle
1194 1871 1208 1894 ,
1234 1837 1414 1883 arterias

138 1915 189 1961 &
219 1911 419 1959 tonsillas
453 1907 574 1954 nitro
615 1907 768 1953 addito
808 1905 1081 1969 perfricent,
1116 1908 1272 1955 alvum
1307 1926 1412 1956 mo-

138 1997 303 2032 veant:
338 1983 470 2031 cocto
500 1979 574 2026 vel
598 1997 677 2043 per
700 1979 771 2038 se,
803 1979 880 2027 vel
908 1996 1012 2027 cum
1039 1979 1189 2025 malva
1214 1991 1287 2025 aut
1312 1980 1412 2026 len-

136 2058 307 2115 ticula,
337 2055 614 2104 concitantes
651 2051 944 2100 vomitiones.
992 2051 1189 2100 Silvestri
1225 2052 1412 2116 capillos

138 2132 345 2196 tingunt,
376 2131 426 2178 &
455 2130 509 2176 ad
539 2128 666 2191 supra
695 2127 855 2191 scripta
883 2140 1083 2176 utuntur.

202 2204 459 2250 LXXXIV.
480 2204 514 2248 E
539 2201 768 2248 contrario
786 2201 833 2247 in
852 2200 1021 2265 magnis
1046 2201 1248 2248 laudibus
1259 2200 1411 2248 malva

138 2275 198 2322 est
217 2288 429 2340 utraque,
459 2276 508 2322 δε
537 2273 675 2320 sativa
691 2276 740 2321 ὅ(
771 2273 990 2321 silvestris.
1024 2276 1133 2322 Duo
1156 2290 1315 2337 genera
1339 2290 1410 2320 ea-

136 2365 235 2393 rum
255 2347 544 2410 amplitudine
563 2345 664 2392 folii
693 2346 1014 2393 discernuntur.
1040 2345 1260 2409 Majorem
1279 2348 1410 2392 Grae-

138 2421 179 2468 ci
208 2421 418 2485 malopen
452 2432 624 2469 vocant
660 2419 706 2466 in
743 2419 908 2469 sativis.
940 2420 1138 2468 Alteram
1172 2420 1227 2467 ab
1261 2419 1409 2467 ernol-
