1653 2797
228 166 322 201 200
518 149 1262 201 QPLINIISECUNDI

226 274 434 322 properae
468 256 777 304 festinationis.
810 258 856 304 Si
889 257 1055 305 saucias
1087 261 1256 307 recenti
1285 259 1504 308 medicina

225 331 429 379 mordeat
475 331 677 394 quaedam
723 330 879 378 hiemis
919 333 1188 392 ruminatio,
1230 345 1401 381 certum
1438 333 1501 380 est

224 420 419 467 gemmas
454 408 602 451 earum
640 403 806 467 frigore
836 404 1058 464 hebetari,
1096 406 1331 470 plagasque
1364 405 1503 462 findi,

225 480 276 524 &
297 476 395 523 caeli
416 476 535 523 vitio
571 478 700 523 exuri
720 478 881 525 oculos
903 478 1083 527 lacrima
1108 480 1356 527 distillante.
1383 480 1502 526 Nam

224 547 326 611 gelu
349 546 520 611 fragiles
540 546 635 615 fieri
660 548 759 612 quis
788 548 979 596 nesciat?
1004 551 1257 613 Operarum
1274 551 1353 599 ista
1379 568 1504 599 com·
1535 605 1537 607 v

223 620 401 682 putatio
431 619 492 666 est
517 620 563 665 in
587 620 832 668 latifundiis
851 657 865 679 ‚
892 637 988 666 non
1020 622 1214 686 legitima
1246 636 1415 683 natura:
1434 622 1503 669 fe-

225 694 417 741 stinatio.
447 696 556 754 Quo
587 695 799 740 maturius
837 705 1054 756 putantur
1083 697 1194 757 aptis
1224 697 1378 746 diebus
1396 733 1409 756 ‚
1445 713 1502 743 eo

225 766 326 829 plus
345 766 543 811 materiae
565 765 783 811 fundunt:
808 782 901 828 quo
919 765 1081 823 serius,
1100 783 1156 812 eo
1183 767 1374 815 fruEtum
1393 769 1505 815 ube-

227 841 414 887 riorem.
445 841 598 898 Quare
627 854 792 884 macras
813 837 931 900 prius
960 840 1205 886 conveniat
1225 853 1405 903 putare,
1428 860 1507 890 va-

226 913 336 959 lidas
364 911 617 957 noviffime.
646 910 822 974 plagam
844 927 1025 957 omnem
1051 913 1283 977 obliquam
1309 913 1406 961 fieri
1419 951 1436 972 ,
1457 927 1509 964 ut

226 985 356 1032 facile
390 983 596 1030 decidant
640 984 824 1031 imbres:
855 986 905 1031 &
939 986 994 1031 ad
1027 998 1189 1033 terram
1218 988 1337 1034 verti
1371 1005 1506 1052 quam

227 1059 446 1105 leviffima
468 1057 677 1104 cicatrice
701 1059 794 1105 acie
815 1058 940 1105 falcis
966 1061 1137 1117 emita,
1155 1060 1375 1125 plagaque
1397 1078 1507 1108 con-

226 1133 403 1179 laevata.
439 1132 597 1179 Recidi
628 1143 774 1178 autem
808 1131 978 1193 semper
1010 1132 1126 1178 inter
1155 1133 1262 1179 duas
1290 1150 1507 1197 gemmas,

227 1221 285 1250 ne
317 1203 369 1249 fit
406 1202 572 1250 vulnus
603 1202 746 1249 oculis
783 1202 830 1247 in
862 1201 997 1249 recisa
1031 1214 1166 1265 parte.
1205 1204 1392 1266 Nigram
1422 1205 1508 1252 effe

228 1294 326 1323 eam
357 1275 638 1334 existimant,
674 1278 724 1323 &
744 1276 889 1322 donec
910 1275 965 1321 ad
991 1276 1159 1323 sincera
1185 1277 1419 1334 veniatur,
1436 1293 1509 1322 re-
1574 1304 1584 1319 s

231 1350 490 1397 cidendam:
525 1349 744 1412 quoniam
783 1365 806 1395 e
837 1347 1001 1394 vitiosa
1036 1349 1219 1395 materia
1258 1349 1379 1395 utilis
1411 1366 1509 1402 non

163 1427 165 1429 ’
230 1435 373 1469 exeat,
405 1422 451 1467 Si
471 1439 618 1469 macra
649 1422 754 1468 vitis
773 1421 965 1469 idoneos
983 1422 1186 1484 palmites
1206 1438 1302 1468 non
1320 1421 1510 1480 habeat,

231 1495 288 1541 ad
321 1506 482 1540 terram
513 1493 652 1543 recidi
683 1510 805 1551 eam,
841 1493 1077 1557 novosque
1095 1494 1196 1542 elici
1221 1494 1509 1542 utilissimum.

230 1570 280 1613 In
305 1565 641 1628 pampinatione
666 1581 761 1611 non
787 1564 872 1611 hos
897 1565 1125 1613 detrahere
1144 1567 1379 1629 pampinos
1396 1603 1409 1624 ,
1430 1567 1511 1631 qui

232 1656 336 1686 cum
363 1654 455 1684 uva
481 1637 592 1682 sint:
620 1636 665 1682 id
693 1636 857 1682 etenim
887 1655 1000 1684 uvas
1029 1637 1304 1700 supplantat,
1325 1651 1509 1700 praeter-

232 1729 366 1776 quam
401 1710 449 1757 in
478 1709 662 1756 novella
692 1710 838 1758 vinea.
873 1711 1052 1759 Inutiles
1088 1709 1340 1771 judicantur
1369 1710 1417 1756 in
1442 1711 1510 1757 la-

232 1796 324 1830 tere
355 1782 474 1840 nati,
502 1798 597 1827 non
628 1782 682 1828 ab
711 1782 875 1830 oculo:
910 1785 1078 1847 quippe
1109 1783 1241 1830 etiam
1274 1800 1389 1841 uva,
1408 1800 1509 1845 quae

233 1856 436 1902 nascatur
472 1872 495 1900 e
531 1856 644 1902 duro
679 1855 954 1919 rigescente‚
992 1868 1041 1902 ut
1074 1856 1153 1901 nifi
1185 1855 1306 1902 ferro
1340 1855 1510 1902 detrahi

233 1947 327 1978 non
358 1929 504 1992 poffit.
541 1929 858 1977 pedamentum
891 1929 1071 1992 quidam
1110 1929 1226 1974 inter
1261 1929 1366 1976 duas
1394 1928 1511 1975 vites

230 2004 383 2050 utilius
412 2015 568 2064 putant
599 2002 752 2048 statui:
783 2005 831 2050 δέ
862 2002 1034 2049 facilius
1063 2003 1386 2067 ablaqueantur
1417 2002 1508 2048 ita:

232 2075 476 2138 meliusque
503 2074 564 2120 est
594 2074 788 2138 unijugae
814 2075 960 2121 vineae
977 2112 990 2133 ‚
1021 2076 1051 2122 fi
1082 2088 1230 2123 tamen
1260 2076 1310 2122 &
1335 2074 1414 2137 ipfi
1434 2073 1509 2136 ju·-

232 2165 293 2212 go
328 2148 412 2192 {int
437 2146 583 2204 vires,
613 2163 695 2193 nec
730 2146 839 2194 flatu
878 2146 1033 2195 infesta
1068 2147 1207 2211 regio.
1241 2149 1292 2193 In
1327 2146 1510 2210 quadri-

231 2218 395 2283 partita
427 2236 560 2282 quam
600 2218 861 2280 proximum
896 2220 1023 2266 oneri
1069 2218 1389 2266 adminiculum
1425 2217 1510 2264 effe

234 2292 389 2341 debet:
424 2307 479 2336 ne
508 2302 655 2338 tamen
688 2290 1058 2353 impedimentum
1084 2291 1238 2338 sentiat
1269 2290 1507 2354 ablaquea-

236 2363 330 2422 tio,
369 2363 522 2409 cubito
546 2362 687 2409 abesse
723 2379 817 2408 non
843 2363 1050 2425 amplius:
1076 2362 1329 2427 ablaqueari
1359 2373 1505 2409 autem

238 2436 385 2503 prius,
408 2453 541 2503 quam
566 2435 740 2502 putari,
765 2435 935 2499 jubent,
