<?xml version="1.0" encoding="UTF-8"?>
<!DOCTYPE html PUBLIC "-//W3C//DTD XHTML 1.0 Transitional//EN"
    "http://www.w3.org/TR/xhtml1/DTD/xhtml1-transitional.dtd">
<html xmlns="http://www.w3.org/1999/xhtml" xml:lang="en" lang="en">
 <head>
  <title>
</title>
<meta http-equiv="Content-Type" content="text/html;charset=utf-8" />
  <meta name='ocr-system' content='tesseract 3.04.00' />
  <meta name='ocr-capabilities' content='ocr_page ocr_carea ocr_par ocr_line ocrx_word'/>
</head>
<body>
  <div class='ocr_page' id='page_1' title='image "./caiipliniisecund03plinuoft_0038.png"; bbox 0 0 1653 2797; ppageno 0'>
   <div class='ocr_carea' id='block_1_1' title="bbox 266 125 1284 188">
    <p class='ocr_par' dir='ltr' id='par_1_1' title="bbox 266 125 1284 188">
     <span class='ocr_line' id='line_1_1' title="bbox 266 125 1284 188; baseline 0.001 -15"><span class='ocrx_word' id='word_1_1' title='bbox 266 143 324 188; x_wconf 54' lang='grc' dir='ltr'>μ</span> <span class='ocrx_word' id='word_1_2' title='bbox 489 125 1284 174; x_wconf 79' lang='lat' dir='ltr'>C.PL1N118ECUND1</span> 
     </span>
    </p>
   </div>
   <div class='ocr_carea' id='block_1_2' title="bbox 238 231 1604 2492">
    <p class='ocr_par' dir='ltr' id='par_1_2' title="bbox 256 231 1544 721">
     <span class='ocr_line' id='line_1_2' title="bbox 258 231 1542 303; baseline 0.002 -20"><span class='ocrx_word' id='word_1_3' title='bbox 258 236 472 290; x_wconf 80' lang='lat' dir='ltr'><strong>dulcem,</strong></span> <span class='ocrx_word' id='word_1_4' title='bbox 501 246 603 296; x_wconf 67' lang='lat' dir='ltr'><strong>quae</strong></span> <span class='ocrx_word' id='word_1_5' title='bbox 637 231 778 279; x_wconf 79' lang='lat' dir='ltr'><strong>iolvit</strong></span> <span class='ocrx_word' id='word_1_6' title='bbox 810 232 978 279; x_wconf 87' lang='lat' dir='ltr'><strong>alvum.</strong></span> <span class='ocrx_word' id='word_1_7' title='bbox 1017 232 1091 279; x_wconf 70' lang='lat' dir='ltr'><strong>Est</strong></span> <span class='ocrx_word' id='word_1_8' title='bbox 1123 249 1295 281; x_wconf 88' lang='lat' dir='ltr'><strong>contra</strong></span> <span class='ocrx_word' id='word_1_9' title='bbox 1313 235 1360 282; x_wconf 90' lang='lat' dir='ltr'><strong>in</strong></span> <span class='ocrx_word' id='word_1_10' title='bbox 1379 237 1542 303; x_wconf 80' lang='lat' dir='ltr'><strong>LycIa,</strong></span> 
     </span>
     <span class='ocr_line' id='line_1_3' title="bbox 260 300 1543 374; baseline 0.002 -20"><span class='ocrx_word' id='word_1_11' title='bbox 260 326 361 374; x_wconf 73' lang='lat' dir='ltr'><strong>quae</strong></span> <span class='ocrx_word' id='word_1_12' title='bbox 387 305 579 352; x_wconf 61' lang='lat' dir='ltr'><strong>mmmm</strong></span> <span class='ocrx_word' id='word_1_13' title='bbox 604 300 632 347; x_wconf 86' lang='lat' dir='ltr'><strong>s</strong></span> <span class='ocrx_word' id='word_1_14' title='bbox 625 314 764 349; x_wconf 63' lang='lat' dir='ltr'><strong>rmat</strong></span> <span class='ocrx_word' id='word_1_15' title='bbox 797 303 878 349; x_wconf 78' lang='lat' dir='ltr'><strong>AEo</strong></span> <span class='ocrx_word' id='word_1_16' title='bbox 857 319 1023 367; x_wconf 71' lang='lat' dir='ltr'><strong>gyptus</strong></span> <span class='ocrx_word' id='word_1_17' title='bbox 1059 307 1108 350; x_wconf 61' lang='grc' dir='ltr'><strong>ὃς</strong></span> <span class='ocrx_word' id='word_1_18' title='bbox 1138 305 1354 353; x_wconf 82' lang='lat' dir='ltr'><strong>ecbolada</strong></span> <span class='ocrx_word' id='word_1_19' title='bbox 1379 308 1543 368; x_wconf 84' lang='lat' dir='ltr'><strong>habet,</strong></span> 
     </span>
     <span class='ocr_line' id='line_1_4' title="bbox 256 375 1542 437; baseline 0 -9"><span class='ocrx_word' id='word_1_20' title='bbox 256 382 442 429; x_wconf 62' lang='lat' dir='ltr'><strong>abortus</strong></span> <span class='ocrx_word' id='word_1_21' title='bbox 459 375 708 423; x_wconf 81' lang='lat' dir='ltr'><strong>facientem.</strong></span> <span class='ocrx_word' id='word_1_22' title='bbox 722 375 867 421; x_wconf 89' lang='lat' dir='ltr'><strong>Vina</strong></span> <span class='ocrx_word' id='word_1_23' title='bbox 856 392 903 420; x_wconf 90' lang='lat' dir='ltr'><strong>m</strong></span> <span class='ocrx_word' id='word_1_24' title='bbox 921 375 1150 437; x_wconf 77' lang='lat' dir='ltr'><strong>apothecis</strong></span> <span class='ocrx_word' id='word_1_25' title='bbox 1164 379 1300 425; x_wconf 83' lang='lat' dir='ltr'><strong>Canis</strong></span> <span class='ocrx_word' id='word_1_26' title='bbox 1318 391 1422 426; x_wconf 86' lang='lat' dir='ltr'><strong>ortu</strong></span> <span class='ocrx_word' id='word_1_27' title='bbox 1440 397 1542 428; x_wconf 90' lang='lat' dir='ltr'><strong>mu-</strong></span> 
     </span>
     <span class='ocr_line' id='line_1_5' title="bbox 259 448 1544 513; baseline -0.001 -13"><span class='ocrx_word' id='word_1_28' title='bbox 259 467 355 500; x_wconf 67' lang='lat' dir='ltr'><strong>tant</strong></span> <span class='ocrx_word' id='word_1_29' title='bbox 359 468 409 496; x_wconf 70' lang='lat' dir='ltr'><strong>*ir</strong></span> <span class='ocrx_word' id='word_1_30' title='bbox 428 450 660 513; x_wconf 75' lang='lat' dir='ltr'><strong>quaedam,</strong></span> <span class='ocrx_word' id='word_1_31' title='bbox 689 448 934 511; x_wconf 73' lang='lat' dir='ltr'><strong>posteaque</strong></span> <span class='ocrx_word' id='word_1_32' title='bbox 958 448 1244 498; x_wconf 51' lang='lat' dir='ltr'><strong>restituunt-11³</strong></span> <span class='ocrx_word' id='word_1_33' title='bbox 1277 451 1370 500; x_wconf 86' lang='lat' dir='ltr'><strong>fibi.</strong></span> <span class='ocrx_word' id='word_1_34' title='bbox 1401 454 1472 501; x_wconf 82' lang='lat' dir='ltr'><strong>Sic</strong></span> <span class='ocrx_word' id='word_1_35' title='bbox 1494 458 1544 504; x_wconf 69' lang='grc' dir='ltr'><strong>δε</strong></span> 
     </span>
     <span class='ocr_line' id='line_1_6' title="bbox 256 519 1542 587; baseline 0.002 -15"><span class='ocrx_word' id='word_1_36' title='bbox 256 523 370 572; x_wconf 85' lang='lat' dir='ltr'><strong>mari</strong></span> <span class='ocrx_word' id='word_1_37' title='bbox 397 522 626 584; x_wconf 76' lang='lat' dir='ltr'><strong>navigatio</strong></span> <span class='ocrx_word' id='word_1_38' title='bbox 642 557 656 579; x_wconf 86' lang='grc'>,</span> <span class='ocrx_word' id='word_1_39' title='bbox 676 520 800 581; x_wconf 62' lang='lat' dir='ltr'><strong>cuius</strong></span> <span class='ocrx_word' id='word_1_40' title='bbox 820 519 1002 581; x_wconf 59' lang='lat' dir='ltr'><strong>jafilatus</strong></span> <span class='ocrx_word' id='word_1_41' title='bbox 1023 520 1090 568; x_wconf 79' lang='lat' dir='ltr'><strong>his</strong></span> <span class='ocrx_word' id='word_1_42' title='bbox 1106 558 1119 581; x_wconf 84' lang='grc'>,</span> <span class='ocrx_word' id='word_1_43' title='bbox 1141 539 1241 587; x_wconf 84' lang='lat' dir='ltr'><strong>quae</strong></span> <span class='ocrx_word' id='word_1_44' title='bbox 1261 524 1542 586; x_wconf 79' lang='lat' dir='ltr'>duraverint,</span> 
     </span>
     <span class='ocr_line' id='line_1_7' title="bbox 258 594 1540 663; baseline 0 -16"><span class='ocrx_word' id='word_1_45' title='bbox 258 613 433 647; x_wconf 85' lang='lat' dir='ltr'><strong>tantum</strong></span> <span class='ocrx_word' id='word_1_46' title='bbox 467 595 699 645; x_wconf 78' lang='lat' dir='ltr'><strong>vetustatis</strong></span> <span class='ocrx_word' id='word_1_47' title='bbox 733 594 923 656; x_wconf 83' lang='lat' dir='ltr'><strong>adjicere</strong></span> <span class='ocrx_word' id='word_1_48' title='bbox 959 594 1175 656; x_wconf 83' lang='lat' dir='ltr'>sentitur,</span> <span class='ocrx_word' id='word_1_49' title='bbox 1212 614 1431 663; x_wconf 87' lang='lat' dir='ltr'><strong>quantum</strong></span> <span class='ocrx_word' id='word_1_50' title='bbox 1460 599 1540 647; x_wconf 82' lang='lat' dir='ltr'><strong>ha-</strong></span> 
     </span>
     <span class='ocr_line' id='line_1_8' title="bbox 257 671 450 721; baseline -0.01 0"><span class='ocrx_word' id='word_1_51' title='bbox 257 671 450 721; x_wconf 77' lang='lat' dir='ltr'><strong>buerint.</strong></span> 
     </span>
    </p>

    <p class='ocr_par' dir='ltr' id='par_1_3' title="bbox 251 739 1604 1379">
     <span class='ocr_line' id='line_1_9' title="bbox 319 739 1537 808; baseline 0.001 -16"><span class='ocrx_word' id='word_1_52' title='bbox 319 746 483 792; x_wconf 71' lang='lat' dir='ltr'>XXHI.</span> <span class='ocrx_word' id='word_1_53' title='bbox 513 746 568 790; x_wconf 85' lang='lat' dir='ltr'><strong>Et</strong></span> <span class='ocrx_word' id='word_1_54' title='bbox 586 742 801 806; x_wconf 87' lang='lat' dir='ltr'><strong>quoniam</strong></span> <span class='ocrx_word' id='word_1_55' title='bbox 817 739 1034 804; x_wconf 79' lang='lat' dir='ltr'><strong>religione</strong></span> <span class='ocrx_word' id='word_1_56' title='bbox 1051 741 1147 787; x_wconf 85' lang='lat' dir='ltr'><strong>vita</strong></span> <span class='ocrx_word' id='word_1_57' title='bbox 1164 742 1338 791; x_wconf 90' lang='lat' dir='ltr'><strong>constat</strong></span> <span class='ocrx_word' id='word_1_58' title='bbox 1357 780 1371 802; x_wconf 90' lang='lat'>‚</span> <span class='ocrx_word' id='word_1_59' title='bbox 1390 746 1537 808; x_wconf 88' lang='lat' dir='ltr'><strong>proli-</strong></span> 
     </span>
     <span class='ocr_line' id='line_1_10' title="bbox 255 815 1539 880; baseline -0.004 -12"><span class='ocrx_word' id='word_1_60' title='bbox 255 822 360 868; x_wconf 84' lang='lat' dir='ltr'><strong>bare</strong></span> <span class='ocrx_word' id='word_1_61' title='bbox 392 819 494 866; x_wconf 87' lang='lat' dir='ltr'><strong>Diis</strong></span> <span class='ocrx_word' id='word_1_62' title='bbox 514 817 730 864; x_wconf 84' lang='lat' dir='ltr'><strong>nefastum</strong></span> <span class='ocrx_word' id='word_1_63' title='bbox 757 815 944 862; x_wconf 84' lang='lat' dir='ltr'><strong>habetur</strong></span> <span class='ocrx_word' id='word_1_64' title='bbox 968 815 1103 872; x_wconf 84' lang='lat' dir='ltr'><strong>vina,</strong></span> <span class='ocrx_word' id='word_1_65' title='bbox 1123 827 1284 878; x_wconf 69' lang='lat' dir='ltr'><strong>praeter</strong></span> <span class='ocrx_word' id='word_1_66' title='bbox 1309 817 1539 880; x_wconf 71' lang='lat' dir='ltr'><strong>imputatae</strong></span> 
     </span>
     <span class='ocr_line' id='line_1_11' title="bbox 256 887 1538 953; baseline 0.002 -13"><span class='ocrx_word' id='word_1_67' title='bbox 256 894 363 940; x_wconf 80' lang='lat' dir='ltr'><strong>vitis</strong></span> <span class='ocrx_word' id='word_1_68' title='bbox 380 929 392 951; x_wconf 86' lang='lat'>,</span> <span class='ocrx_word' id='word_1_69' title='bbox 413 891 599 938; x_wconf 83' lang='lat' dir='ltr'><strong>fulmine</strong></span> <span class='ocrx_word' id='word_1_70' title='bbox 618 888 769 947; x_wconf 57' lang='lat' dir='ltr'><strong>taikn,</strong></span> <span class='ocrx_word' id='word_1_71' title='bbox 795 905 1018 953; x_wconf 86' lang='lat' dir='ltr'><strong>quamque</strong></span> <span class='ocrx_word' id='word_1_72' title='bbox 1040 887 1165 950; x_wconf 82' lang='lat' dir='ltr'><strong>juxta</strong></span> <span class='ocrx_word' id='word_1_73' title='bbox 1193 888 1390 938; x_wconf 83' lang='lat' dir='ltr'><strong>hominis</strong></span> <span class='ocrx_word' id='word_1_74' title='bbox 1413 910 1538 942; x_wconf 89' lang='lat' dir='ltr'><strong>mors</strong></span> 
     </span>
     <span class='ocr_line' id='line_1_12' title="bbox 254 960 1535 1030; baseline -0.001 -17"><span class='ocrx_word' id='word_1_75' title='bbox 254 967 417 1030; x_wconf 77' lang='lat' dir='ltr'><strong>laqueo</strong></span> <span class='ocrx_word' id='word_1_76' title='bbox 442 961 730 1024; x_wconf 81' lang='lat' dir='ltr'><strong>pependerit,</strong></span> <span class='ocrx_word' id='word_1_77' title='bbox 761 977 849 1014; x_wconf 83' lang='lat' dir='ltr'><strong>aut</strong></span> <span class='ocrx_word' id='word_1_78' title='bbox 864 960 1108 1007; x_wconf 84' lang='lat' dir='ltr'><strong>vulneratis</strong></span> <span class='ocrx_word' id='word_1_79' title='bbox 1134 961 1321 1022; x_wconf 89' lang='lat' dir='ltr'><strong>pedibus</strong></span> <span class='ocrx_word' id='word_1_80' title='bbox 1345 965 1535 1012; x_wconf 88' lang='lat' dir='ltr'><strong>concul—</strong></span> 
     </span>
     <span class='ocr_line' id='line_1_13' title="bbox 253 1032 1538 1098; baseline 0 -12"><span class='ocrx_word' id='word_1_81' title='bbox 253 1052 378 1096; x_wconf 83' lang='lat' dir='ltr'><strong>cata,</strong></span> <span class='ocrx_word' id='word_1_82' title='bbox 409 1038 460 1083; x_wconf 85' lang='lat'>&amp;</span> <span class='ocrx_word' id='word_1_83' title='bbox 492 1034 619 1098; x_wconf 84' lang='lat' dir='ltr'><strong>quod</strong></span> <span class='ocrx_word' id='word_1_84' title='bbox 637 1033 902 1081; x_wconf 77' lang='lat' dir='ltr'><strong>circumcifis</strong></span> <span class='ocrx_word' id='word_1_85' title='bbox 922 1032 1120 1079; x_wconf 74' lang='lat' dir='ltr'><strong>vinaceis</strong></span> <span class='ocrx_word' id='word_1_86' title='bbox 1145 1033 1439 1096; x_wconf 78' lang='lat' dir='ltr'><strong>profluxerit,</strong></span> <span class='ocrx_word' id='word_1_87' title='bbox 1461 1050 1538 1087; x_wconf 82' lang='lat' dir='ltr'><strong>aut</strong></span> 
     </span>
     <span class='ocr_line' id='line_1_14' title="bbox 253 1105 1604 1176; baseline -0.002 -16"><span class='ocrx_word' id='word_1_88' title='bbox 253 1113 440 1176; x_wconf 82' lang='lat' dir='ltr'><strong>superne</strong></span> <span class='ocrx_word' id='word_1_89' title='bbox 462 1108 650 1156; x_wconf 88' lang='lat' dir='ltr'><strong>deciduo</strong></span> <span class='ocrx_word' id='word_1_90' title='bbox 684 1107 987 1153; x_wconf 83' lang='lat' dir='ltr'><strong>immundiore</strong></span> <span class='ocrx_word' id='word_1_91' title='bbox 1007 1105 1131 1168; x_wconf 88' lang='lat' dir='ltr'><strong>lapsu</strong></span> <span class='ocrx_word' id='word_1_92' title='bbox 1157 1105 1312 1170; x_wconf 89' lang='lat' dir='ltr'><strong>aliquo</strong></span> <span class='ocrx_word' id='word_1_93' title='bbox 1345 1108 1533 1171; x_wconf 86' lang='lat' dir='ltr'><strong>polluta.</strong></span> <span class='ocrx_word' id='word_1_94' title='bbox 1595 1106 1604 1111; x_wconf 58' lang='grc'><strong><em>’</em></strong></span> 
     </span>
     <span class='ocr_line' id='line_1_15' title="bbox 251 1176 1534 1245; baseline -0.002 -12"><span class='ocrx_word' id='word_1_95' title='bbox 251 1189 363 1233; x_wconf 86' lang='lat' dir='ltr'><strong>Item</strong></span> <span class='ocrx_word' id='word_1_96' title='bbox 395 1185 585 1240; x_wconf 67' lang='lat' dir='ltr'><strong>Graeca,</strong></span> <span class='ocrx_word' id='word_1_97' title='bbox 621 1179 837 1244; x_wconf 84' lang='lat' dir='ltr'><strong>quoniam</strong></span> <span class='ocrx_word' id='word_1_98' title='bbox 866 1194 1029 1242; x_wconf 71' lang='lat' dir='ltr'><strong>aquam</strong></span> <span class='ocrx_word' id='word_1_99' title='bbox 1056 1176 1262 1225; x_wconf 79' lang='lat' dir='ltr'><strong>habeant.</strong></span> <span class='ocrx_word' id='word_1_100' title='bbox 1292 1179 1409 1228; x_wconf 82' lang='lat' dir='ltr'><strong>Vitis</strong></span> <span class='ocrx_word' id='word_1_101' title='bbox 1442 1182 1534 1245; x_wconf 88' lang='lat' dir='ltr'><strong>ipsa</strong></span> 
     </span>
     <span class='ocr_line' id='line_1_16' title="bbox 252 1238 1529 1327; baseline -0.002 -22"><span class='ocrx_word' id='word_1_102' title='bbox 252 1273 436 1324; x_wconf 81' lang='lat' dir='ltr'><strong>quoque</strong></span> <span class='ocrx_word' id='word_1_103' title='bbox 470 1254 726 1313; x_wconf 85' lang='lat' dir='ltr'><strong>manditur,</strong></span> <span class='ocrx_word' id='word_1_104' title='bbox 755 1238 948 1300; x_wconf 52' lang='lat' dir='ltr'><strong>demitis</strong></span> <span class='ocrx_word' id='word_1_105' title='bbox 979 1251 1179 1298; x_wconf 87' lang='lat' dir='ltr'><strong>caulibus</strong></span> <span class='ocrx_word' id='word_1_106' title='bbox 1205 1251 1416 1327; x_wconf 88' lang='lat' dir='ltr'><strong>summis</strong></span> <span class='ocrx_word' id='word_1_107' title='bbox 1450 1257 1529 1320; x_wconf 89' lang='lat' dir='ltr'><strong>qui</strong></span> 
     </span>
     <span class='ocr_line' id='line_1_17' title="bbox 251 1326 1064 1379; baseline -0.01 -1"><span class='ocrx_word' id='word_1_108' title='bbox 251 1334 301 1379; x_wconf 73' lang='grc' dir='ltr'><strong>δε</strong></span> <span class='ocrx_word' id='word_1_109' title='bbox 322 1328 637 1377; x_wconf 82' lang='lat' dir='ltr'><strong>condiuntur&#39;</strong></span> <span class='ocrx_word' id='word_1_110' title='bbox 627 1345 676 1373; x_wconf 91' lang='lat' dir='ltr'><strong>1n</strong></span> <span class='ocrx_word' id='word_1_111' title='bbox 695 1338 823 1374; x_wconf 82' lang='lat' dir='ltr'><strong>aceto</strong></span> <span class='ocrx_word' id='word_1_112' title='bbox 842 1343 891 1372; x_wconf 90' lang='lat' dir='ltr'><strong>ac</strong></span> <span class='ocrx_word' id='word_1_113' title='bbox 910 1326 1064 1372; x_wconf 87' lang='lat' dir='ltr'><strong>muria.</strong></span> 
     </span>
    </p>

    <p class='ocr_par' dir='ltr' id='par_1_4' title="bbox 238 1391 1528 2492">
     <span class='ocr_line' id='line_1_18' title="bbox 311 1391 1528 1461; baseline -0.002 -10"><span class='ocrx_word' id='word_1_114' title='bbox 311 1405 480 1451; x_wconf 80' lang='lat' dir='ltr'>XXIV.</span> <span class='ocrx_word' id='word_1_115' title='bbox 513 1404 683 1447; x_wconf 83' lang='lat' dir='ltr'><strong>Verum</strong></span> <span class='ocrx_word' id='word_1_116' title='bbox 714 1391 764 1447; x_wconf 71' lang='grc' dir='ltr'><strong>δὲ</strong></span> <span class='ocrx_word' id='word_1_117' title='bbox 791 1399 845 1446; x_wconf 83' lang='lat' dir='ltr'><strong>de</strong></span> <span class='ocrx_word' id='word_1_118' title='bbox 877 1411 1089 1461; x_wconf 81' lang='lat' dir='ltr'><strong>apparat-1</strong></span> <span class='ocrx_word' id='word_1_119' title='bbox 1111 1396 1209 1445; x_wconf 84' lang='lat' dir='ltr'><strong>vini</strong></span> <span class='ocrx_word' id='word_1_120' title='bbox 1233 1397 1387 1446; x_wconf 86' lang='lat' dir='ltr'><strong>dixisse</strong></span> <span class='ocrx_word' id='word_1_121' title='bbox 1413 1416 1528 1447; x_wconf 90' lang='lat' dir='ltr'><strong>con-</strong></span> 
     </span>
     <span class='ocr_line' id='line_1_19' title="bbox 247 1472 1528 1536; baseline -0.003 -12"><span class='ocrx_word' id='word_1_122' title='bbox 247 1477 427 1534; x_wconf 81' lang='lat' dir='ltr'><strong>veniat,</strong></span> <span class='ocrx_word' id='word_1_123' title='bbox 456 1492 558 1523; x_wconf 88' lang='lat' dir='ltr'><strong>cum</strong></span> <span class='ocrx_word' id='word_1_124' title='bbox 576 1473 724 1521; x_wconf 78' lang='lat' dir='ltr'><strong>Graeci</strong></span> <span class='ocrx_word' id='word_1_125' title='bbox 744 1472 958 1536; x_wconf 86' lang='lat' dir='ltr'><strong>privatim</strong></span> <span class='ocrx_word' id='word_1_126' title='bbox 986 1489 1036 1518; x_wconf 88' lang='lat' dir='ltr'><strong>ea</strong></span> <span class='ocrx_word' id='word_1_127' title='bbox 1059 1483 1282 1535; x_wconf 73' lang='lat' dir='ltr'><strong>praecepta</strong></span> <span class='ocrx_word' id='word_1_128' title='bbox 1308 1473 1528 1520; x_wconf 91' lang='lat' dir='ltr'><strong>condide-</strong></span> 
     </span>
     <span class='ocr_line' id='line_1_20' title="bbox 247 1545 1526 1612; baseline -0.004 -14"><span class='ocrx_word' id='word_1_129' title='bbox 247 1552 338 1599; x_wconf 86' lang='lat' dir='ltr'><strong>rint</strong></span> <span class='ocrx_word' id='word_1_130' title='bbox 357 1587 371 1610; x_wconf 82' lang='grc'><em>,</em></span> <span class='ocrx_word' id='word_1_131' title='bbox 402 1565 631 1612; x_wconf 77' lang='lat' dir='ltr'><strong>artemque</strong></span> <span class='ocrx_word' id='word_1_132' title='bbox 651 1546 837 1594; x_wconf 79' lang='lat' dir='ltr'><strong>fecerint</strong></span> <span class='ocrx_word' id='word_1_133' title='bbox 853 1582 866 1604; x_wconf 85' lang='lat'>‚</span> <span class='ocrx_word' id='word_1_134' title='bbox 885 1545 996 1592; x_wconf 83' lang='lat' dir='ltr'><strong>ficut</strong></span> <span class='ocrx_word' id='word_1_135' title='bbox 1014 1545 1330 1607; x_wconf 86' lang='lat' dir='ltr'><strong>Euphronius,</strong></span> <span class='ocrx_word' id='word_1_136' title='bbox 1355 1547 1405 1593; x_wconf 89' lang='lat'>&amp;</span> <span class='ocrx_word' id='word_1_137' title='bbox 1422 1547 1526 1593; x_wconf 82' lang='lat' dir='ltr'><strong>Ari-</strong></span> 
     </span>
     <span class='ocr_line' id='line_1_21' title="bbox 249 1617 1528 1684; baseline -0.005 -14"><span class='ocrx_word' id='word_1_138' title='bbox 249 1622 522 1680; x_wconf 79' lang='lat' dir='ltr'><strong>stomachus,</strong></span> <span class='ocrx_word' id='word_1_139' title='bbox 543 1623 592 1668; x_wconf 70' lang='grc' dir='ltr'><strong>ὃῑ</strong></span> <span class='ocrx_word' id='word_1_140' title='bbox 607 1619 893 1667; x_wconf 77' lang='lat' dir='ltr'><strong>Commiades</strong></span> <span class='ocrx_word' id='word_1_141' title='bbox 906 1655 921 1675; x_wconf 83' lang='lat'>‚</span> <span class='ocrx_word' id='word_1_142' title='bbox 939 1620 989 1666; x_wconf 62' lang='grc' dir='ltr'><strong>δέ</strong></span> <span class='ocrx_word' id='word_1_143' title='bbox 1009 1617 1220 1665; x_wconf 76' lang='lat' dir='ltr'><strong>Hicesius.</strong></span> <span class='ocrx_word' id='word_1_144' title='bbox 1239 1617 1389 1665; x_wconf 89' lang='lat' dir='ltr'><strong>Africa</strong></span> <span class='ocrx_word' id='word_1_145' title='bbox 1408 1637 1528 1684; x_wconf 88' lang='lat' dir='ltr'><strong>gyp-</strong></span> 
     </span>
     <span class='ocr_line' id='line_1_22' title="bbox 247 1690 1525 1760; baseline -0.005 -15"><span class='ocrx_word' id='word_1_146' title='bbox 247 1698 296 1745; x_wconf 83' lang='lat' dir='ltr'><strong>so</strong></span> <span class='ocrx_word' id='word_1_147' title='bbox 316 1696 488 1760; x_wconf 83' lang='lat' dir='ltr'><strong>mitigat</strong></span> <span class='ocrx_word' id='word_1_148' title='bbox 514 1693 791 1757; x_wconf 78' lang='lat' dir='ltr'><strong>asperitatem</strong></span> <span class='ocrx_word' id='word_1_149' title='bbox 804 1730 820 1750; x_wconf 87' lang='lat'><em>,</em></span> <span class='ocrx_word' id='word_1_150' title='bbox 840 1709 922 1739; x_wconf 92' lang='lat' dir='ltr'><strong>nec</strong></span> <span class='ocrx_word' id='word_1_151' title='bbox 946 1708 1042 1737; x_wconf 88' lang='lat' dir='ltr'><strong>non</strong></span> <span class='ocrx_word' id='word_1_152' title='bbox 1061 1690 1282 1754; x_wconf 85' lang='lat' dir='ltr'><strong>aliquibus</strong></span> <span class='ocrx_word' id='word_1_153' title='bbox 1302 1691 1365 1737; x_wconf 89' lang='lat' dir='ltr'><strong>sui</strong></span> <span class='ocrx_word' id='word_1_154' title='bbox 1385 1693 1525 1755; x_wconf 86' lang='lat' dir='ltr'><strong>parti-</strong></span> 
     </span>
     <span class='ocr_line' id='line_1_23' title="bbox 245 1765 1524 1831; baseline -0.006 -11"><span class='ocrx_word' id='word_1_155' title='bbox 245 1774 328 1820; x_wconf 88' lang='lat' dir='ltr'><strong>bus</strong></span> <span class='ocrx_word' id='word_1_156' title='bbox 359 1770 493 1818; x_wconf 90' lang='lat' dir='ltr'><strong>calce.</strong></span> <span class='ocrx_word' id='word_1_157' title='bbox 525 1768 702 1816; x_wconf 77' lang='lat' dir='ltr'><strong>Graecia</strong></span> <span class='ocrx_word' id='word_1_158' title='bbox 723 1766 897 1831; x_wconf 77' lang='lat' dir='ltr'><strong>argilla,</strong></span> <span class='ocrx_word' id='word_1_159' title='bbox 918 1778 993 1813; x_wconf 86' lang='lat' dir='ltr'><strong>aut</strong></span> <span class='ocrx_word' id='word_1_160' title='bbox 1026 1782 1276 1823; x_wconf 85' lang='lat' dir='ltr'><strong>marmore,</strong></span> <span class='ocrx_word' id='word_1_161' title='bbox 1306 1780 1381 1811; x_wconf 85' lang='lat' dir='ltr'><strong>aut</strong></span> <span class='ocrx_word' id='word_1_162' title='bbox 1409 1765 1524 1825; x_wconf 89' lang='lat' dir='ltr'><strong>sale,</strong></span> 
     </span>
     <span class='ocr_line' id='line_1_24' title="bbox 244 1837 1524 1902; baseline -0.005 -10"><span class='ocrx_word' id='word_1_163' title='bbox 244 1858 321 1892; x_wconf 88' lang='lat' dir='ltr'><strong>aut</strong></span> <span class='ocrx_word' id='word_1_164' title='bbox 339 1844 477 1902; x_wconf 80' lang='lat' dir='ltr'><strong>mari,</strong></span> <span class='ocrx_word' id='word_1_165' title='bbox 499 1842 726 1889; x_wconf 80' lang='lat' dir='ltr'><strong>lenitatem</strong></span> <span class='ocrx_word' id='word_1_166' title='bbox 744 1840 934 1887; x_wconf 80' lang='lat' dir='ltr'><strong>excitat:</strong></span> <span class='ocrx_word' id='word_1_167' title='bbox 955 1839 1088 1886; x_wconf 84' lang='lat' dir='ltr'><strong>Italiae</strong></span> <span class='ocrx_word' id='word_1_168' title='bbox 1107 1856 1206 1901; x_wconf 83' lang='lat' dir='ltr'><strong>pars</strong></span> <span class='ocrx_word' id='word_1_169' title='bbox 1223 1837 1370 1900; x_wconf 88' lang='lat' dir='ltr'><strong>aliqua</strong></span> <span class='ocrx_word' id='word_1_170' title='bbox 1388 1839 1524 1885; x_wconf 90' lang='lat' dir='ltr'><strong>rabu-</strong></span> 
     </span>
     <span class='ocr_line' id='line_1_25' title="bbox 245 1909 1522 1979; baseline -0.006 -15"><span class='ocrx_word' id='word_1_171' title='bbox 245 1918 347 1964; x_wconf 87' lang='lat' dir='ltr'><strong>lana</strong></span> <span class='ocrx_word' id='word_1_172' title='bbox 381 1917 500 1979; x_wconf 81' lang='lat' dir='ltr'><strong>pice:</strong></span> <span class='ocrx_word' id='word_1_173' title='bbox 534 1933 584 1962; x_wconf 91' lang='lat' dir='ltr'><strong>ac</strong></span> <span class='ocrx_word' id='word_1_174' title='bbox 621 1913 761 1960; x_wconf 86' lang='lat' dir='ltr'><strong>refina</strong></span> <span class='ocrx_word' id='word_1_175' title='bbox 782 1911 966 1958; x_wconf 89' lang='lat' dir='ltr'><strong>condire</strong></span> <span class='ocrx_word' id='word_1_176' title='bbox 991 1910 1133 1957; x_wconf 87' lang='lat' dir='ltr'><strong>musta</strong></span> <span class='ocrx_word' id='word_1_177' title='bbox 1154 1909 1338 1973; x_wconf 78' lang='lat' dir='ltr'><strong>vulgare</strong></span> <span class='ocrx_word' id='word_1_178' title='bbox 1359 1910 1421 1956; x_wconf 91' lang='lat' dir='ltr'><strong>est</strong></span> <span class='ocrx_word' id='word_1_179' title='bbox 1450 1911 1522 1970; x_wconf 84' lang='lat' dir='ltr'><strong>ei,</strong></span> 
     </span>
     <span class='ocr_line' id='line_1_26' title="bbox 243 1981 1522 2053; baseline -0.005 -16"><span class='ocrx_word' id='word_1_180' title='bbox 243 1988 581 2053; x_wconf 77' lang='lat' dir='ltr'><strong>provinciisque</strong></span> <span class='ocrx_word' id='word_1_181' title='bbox 611 1985 825 2033; x_wconf 81' lang='lat' dir='ltr'><strong>finitimis.</strong></span> <span class='ocrx_word' id='word_1_182' title='bbox 864 1984 1191 2047; x_wconf 83' lang='lat' dir='ltr'><strong>Nonnusquam</strong></span> <span class='ocrx_word' id='word_1_183' title='bbox 1223 1981 1386 2046; x_wconf 85' lang='lat' dir='ltr'><strong>prioris</strong></span> <span class='ocrx_word' id='word_1_184' title='bbox 1421 1983 1522 2031; x_wconf 84' lang='lat' dir='ltr'><strong>vini</strong></span> 
     </span>
     <span class='ocr_line' id='line_1_27' title="bbox 244 2056 1519 2120; baseline -0.004 -10"><span class='ocrx_word' id='word_1_185' title='bbox 244 2063 353 2110; x_wconf 81' lang='lat' dir='ltr'><strong>faece</strong></span> <span class='ocrx_word' id='word_1_186' title='bbox 375 2078 566 2110; x_wconf 88' lang='lat' dir='ltr'><strong>acetove</strong></span> <span class='ocrx_word' id='word_1_187' title='bbox 592 2061 827 2108; x_wconf 81' lang='lat' dir='ltr'><strong>condiunt.</strong></span> <span class='ocrx_word' id='word_1_188' title='bbox 864 2060 960 2106; x_wconf 89' lang='lat' dir='ltr'><strong>Nec</strong></span> <span class='ocrx_word' id='word_1_189' title='bbox 992 2075 1087 2104; x_wconf 87' lang='lat' dir='ltr'><strong>non</strong></span> <span class='ocrx_word' id='word_1_190' title='bbox 1114 2060 1162 2105; x_wconf 88' lang='lat'>&amp;</span> <span class='ocrx_word' id='word_1_191' title='bbox 1180 2074 1236 2104; x_wconf 81' lang='lat' dir='ltr'><strong>ex</strong></span> <span class='ocrx_word' id='word_1_192' title='bbox 1256 2056 1353 2120; x_wconf 90' lang='lat' dir='ltr'><strong>ipso</strong></span> <span class='ocrx_word' id='word_1_193' title='bbox 1373 2056 1519 2105; x_wconf 87' lang='lat' dir='ltr'><strong>musto</strong></span> 
     </span>
     <span class='ocr_line' id='line_1_28' title="bbox 242 2129 1518 2197; baseline -0.002 -16"><span class='ocrx_word' id='word_1_194' title='bbox 242 2134 359 2183; x_wconf 89' lang='lat' dir='ltr'><strong>fiunt</strong></span> <span class='ocrx_word' id='word_1_195' title='bbox 374 2135 694 2182; x_wconf 85' lang='lat' dir='ltr'><strong>medicamina:</strong></span> <span class='ocrx_word' id='word_1_196' title='bbox 715 2133 1006 2197; x_wconf 86' lang='lat' dir='ltr'><strong>decoquitur,</strong></span> <span class='ocrx_word' id='word_1_197' title='bbox 1027 2144 1078 2179; x_wconf 89' lang='lat' dir='ltr'><strong>ut</strong></span> <span class='ocrx_word' id='word_1_198' title='bbox 1095 2129 1315 2178; x_wconf 88' lang='lat' dir='ltr'><strong>dulcescat</strong></span> <span class='ocrx_word' id='word_1_199' title='bbox 1338 2130 1518 2194; x_wconf 85' lang='lat' dir='ltr'><strong>portio-</strong></span> 
     </span>
     <span class='ocr_line' id='line_1_29' title="bbox 244 2204 1518 2268; baseline -0.002 -14"><span class='ocrx_word' id='word_1_200' title='bbox 244 2226 300 2255; x_wconf 88' lang='lat' dir='ltr'><strong>ne</strong></span> <span class='ocrx_word' id='word_1_201' title='bbox 322 2209 504 2256; x_wconf 88' lang='lat' dir='ltr'><strong>virium.</strong></span> <span class='ocrx_word' id='word_1_202' title='bbox 536 2210 633 2255; x_wconf 89' lang='lat' dir='ltr'><strong>Nec</strong></span> <span class='ocrx_word' id='word_1_203' title='bbox 651 2209 808 2255; x_wconf 89' lang='lat' dir='ltr'><strong>durare</strong></span> <span class='ocrx_word' id='word_1_204' title='bbox 836 2207 952 2254; x_wconf 85' lang='lat' dir='ltr'><strong>ultra</strong></span> <span class='ocrx_word' id='word_1_205' title='bbox 980 2223 1177 2253; x_wconf 85' lang='lat' dir='ltr'><strong>annuum</strong></span> <span class='ocrx_word' id='word_1_206' title='bbox 1212 2204 1402 2268; x_wconf 89' lang='lat' dir='ltr'><strong>spatium</strong></span> <span class='ocrx_word' id='word_1_207' title='bbox 1431 2204 1518 2252; x_wconf 83' lang='lat' dir='ltr'><strong>tale</strong></span> 
     </span>
     <span class='ocr_line' id='line_1_30' title="bbox 243 2277 1514 2345; baseline -0.005 -18"><span class='ocrx_word' id='word_1_208' title='bbox 243 2282 460 2344; x_wconf 83' lang='lat' dir='ltr'><strong>proditur.</strong></span> <span class='ocrx_word' id='word_1_209' title='bbox 480 2281 715 2345; x_wconf 80' lang='lat' dir='ltr'><strong>Aliquibus</strong></span> <span class='ocrx_word' id='word_1_210' title='bbox 734 2279 780 2325; x_wconf 89' lang='lat' dir='ltr'><strong>in</strong></span> <span class='ocrx_word' id='word_1_211' title='bbox 798 2280 909 2327; x_wconf 85' lang='lat' dir='ltr'><strong>locis</strong></span> <span class='ocrx_word' id='word_1_212' title='bbox 926 2279 1189 2343; x_wconf 85' lang='lat' dir='ltr'><strong>decoquunt</strong></span> <span class='ocrx_word' id='word_1_213' title='bbox 1206 2279 1261 2324; x_wconf 78' lang='lat' dir='ltr'><strong>acl</strong></span> <span class='ocrx_word' id='word_1_214' title='bbox 1275 2277 1398 2341; x_wconf 83' lang='lat' dir='ltr'><strong>sapas</strong></span> <span class='ocrx_word' id='word_1_215' title='bbox 1414 2293 1514 2322; x_wconf 88' lang='lat' dir='ltr'><strong>mu-</strong></span> 
     </span>
     <span class='ocr_line' id='line_1_31' title="bbox 240 2350 1512 2419; baseline -0.005 -19"><span class='ocrx_word' id='word_1_216' title='bbox 240 2354 328 2413; x_wconf 85' lang='lat' dir='ltr'><strong>sta,</strong></span> <span class='ocrx_word' id='word_1_217' title='bbox 358 2354 596 2419; x_wconf 76' lang='lat' dir='ltr'><strong>infusisque</strong></span> <span class='ocrx_word' id='word_1_218' title='bbox 612 2354 680 2401; x_wconf 82' lang='lat' dir='ltr'><strong>his</strong></span> <span class='ocrx_word' id='word_1_219' title='bbox 700 2351 913 2398; x_wconf 86' lang='lat' dir='ltr'><strong>ferociam</strong></span> <span class='ocrx_word' id='word_1_220' title='bbox 933 2351 1156 2414; x_wconf 83' lang='lat' dir='ltr'><strong>frangunt.</strong></span> <span class='ocrx_word' id='word_1_221' title='bbox 1183 2353 1239 2399; x_wconf 87' lang='lat' dir='ltr'><strong>Et</strong></span> <span class='ocrx_word' id='word_1_222' title='bbox 1260 2351 1308 2396; x_wconf 90' lang='lat' dir='ltr'><strong>in</strong></span> <span class='ocrx_word' id='word_1_223' title='bbox 1327 2350 1415 2408; x_wconf 80' lang='lat' dir='ltr'><strong>hoc</strong></span> <span class='ocrx_word' id='word_1_224' title='bbox 1442 2361 1512 2395; x_wconf 85' lang='lat' dir='ltr'><strong>ta-</strong></span> 
     </span>
     <span class='ocr_line' id='line_1_32' title="bbox 238 2420 1511 2492; baseline -0.003 -18"><span class='ocrx_word' id='word_1_225' title='bbox 238 2444 342 2475; x_wconf 84' lang='lat' dir='ltr'><strong>men</strong></span> <span class='ocrx_word' id='word_1_226' title='bbox 359 2445 547 2492; x_wconf 83' lang='lat' dir='ltr'><strong>genere,</strong></span> <span class='ocrx_word' id='word_1_227' title='bbox 564 2429 613 2475; x_wconf 89' lang='lat'>&amp;</span> <span class='ocrx_word' id='word_1_228' title='bbox 632 2427 678 2474; x_wconf 89' lang='lat' dir='ltr'><strong>in</strong></span> <span class='ocrx_word' id='word_1_229' title='bbox 694 2425 820 2474; x_wconf 86' lang='lat' dir='ltr'><strong>omni</strong></span> <span class='ocrx_word' id='word_1_230' title='bbox 839 2425 929 2472; x_wconf 87' lang='lat' dir='ltr'><strong>alio</strong></span> <span class='ocrx_word' id='word_1_231' title='bbox 949 2423 1278 2471; x_wconf 84' lang='lat' dir='ltr'><strong>subministrant</strong></span> <span class='ocrx_word' id='word_1_232' title='bbox 1295 2420 1400 2471; x_wconf 83' lang='lat' dir='ltr'><strong>vasa</strong></span> <span class='ocrx_word' id='word_1_233' title='bbox 1420 2420 1511 2486; x_wconf 87' lang='lat' dir='ltr'><strong>ipsa</strong></span> 
     </span>
    </p>
   </div>
  </div>
 </body>
</html>
