1653 2797
236 170 1029 221 NATUR.H15TOR.L113.
1072 173 1249 220 XVII.
1319 185 1407 233 203

141 291 355 327 enecante
383 279 534 328 veloci
560 278 722 325 vitium
748 277 1042 326 incremento.
1088 280 1238 327 Serere
1270 279 1413 343 tripe-

143 352 288 399 daneo
324 352 482 399 scrobe
511 349 798 396 necessarium
832 349 1037 397 distantes
1078 352 1194 399 inter
1229 352 1312 400 sese
1342 370 1415 399 ar·-

143 425 392 489 boremque
419 423 595 486 fingulis
623 422 824 485 pedibus.
862 423 988 469 Nihil
1010 425 1072 469 ibi
1102 427 1320 473 malleolis
1351 437 1420 472 at-

144 514 234 560 que
260 495 573 559 pastinationi,
604 495 726 543 nulla
750 495 952 542 fodiendi
981 496 1233 559 impendia:
1265 511 1426 562 utpote

145 585 249 616 cum
271 567 436 614 arbusti
461 568 577 614 ratio
595 568 677 616 hac
703 569 920 632 peculiari
946 568 1052 615 dote
1080 570 1278 632 praestet,
1300 571 1427 635 quod

145 641 194 688 in
220 640 380 687 eodem
406 639 504 687 solo
547 640 629 686 seri
659 640 807 706 fruges
837 643 887 689 &
916 641 1084 689 vitibus
1115 643 1307 705 prodest.
1345 645 1425 690 Su-

144 724 315 778 perque
334 751 347 772 ,
375 715 500 778 quod
534 715 770 762 vindicans
808 715 851 761 se
887 715 1075 761 altitudo
1096 751 1110 773 ‚
1142 732 1236 761 non
1256 751 1269 773 ‚
1294 728 1345 762 ut
1378 717 1425 761 in

142 787 303 846 vinea,
327 788 384 834 ad
407 788 615 834 arcendas
643 788 901 834 animalium
923 787 1104 850 injurias
1130 789 1296 852 pariete
1313 824 1327 845 ‚
1348 788 1425 834 vel

143 860 244 925 se-pe
257 898 271 921 ,
291 862 367 909 vel
385 861 592 908 fossarum
615 862 768 925 utique
786 862 1015 923 impendio
1035 862 1200 909 muniri
1216 861 1256 907 se
1277 873 1424 924 cogat.

212 951 285 996 23.
322 940 372 984 In
401 934 582 982 arbusto
615 952 638 980 e
666 935 882 997 praedictis
906 934 998 981 sola
1030 935 1331 983 viviradicum
1350 952 1423 981 ra-

145 1008 242 1066 tio,
259 1010 363 1054 item
390 1007 686 1071 propaginum
701 1043 714 1064 ‚
736 1009 785 1054 &
809 1007 903 1053 haec
926 1007 1127 1070 gemina,
1149 1019 1199 1052 ut
1218 1007 1426 1055 diximus,

146 1081 403 1141 Qualorum
430 1081 476 1126 in
500 1079 595 1144 ipso
623 1081 824 1126 tabulato
855 1082 1044 1127 maxime
1073 1081 1289 1144 probata,
1309 1097 1426 1145 quo-

145 1154 266 1200 niam
297 1170 322 1199 a
355 1167 522 1216 pecore
554 1152 763 1199 tutiffima
794 1151 870 1199 est.
912 1153 1094 1210 Altera,
1126 1151 1299 1198 deflexa
1329 1152 1426 1199 vite

146 1227 225 1275 vel
257 1228 441 1291 palmite
475 1227 599 1288 juxta
635 1226 754 1273 suam
788 1228 1022 1284 arborem,
1052 1242 1129 1273 aut
1160 1226 1279 1273 circa
1313 1243 1426 1290 pro-

145 1301 313 1348 ximam
348 1300 563 1348 caelibem.
604 1299 748 1360 Quod
771 1299 896 1362 supra
916 1311 1078 1347 terram
1109 1299 1170 1346 est
1199 1316 1222 1346 e
1253 1314 1392 1346 matre
1410 1336 1425 1359 ‚

147 1373 242 1421 radi
266 1372 474 1435 jubetur,
501 1389 556 1419 ne
588 1371 778 1420 fruticet.
825 1376 875 1420 In
908 1386 1025 1419 terra
1063 1389 1159 1418 non
1191 1374 1427 1435 pauciores

146 1464 334 1511 gemmae
355 1459 550 1511 quatuor
570 1447 828 1493 obruuntur
846 1447 901 1493 ad
925 1447 1118 1493 radicem
1142 1445 1426 1508 capiendam:

146 1534 273 1568 extra
303 1521 349 1567 in
379 1520 522 1583 capite
553 1520 669 1566 binae
703 1521 1033 1584 relinquuntur.
1066 1519 1182 1567 Vitis
1216 1520 1262 1565 in
1291 1520 1426 1566 arbu-

147 1594 214 1642 sto
255 1605 449 1657 quatuor
477 1593 609 1655 pedes
652 1592 700 1638 in
732 1592 874 1656 longo
912 1589 1108 1650 constat,
1144 1592 1269 1639 omni
1299 1590 1429 1639 sulco

147 1679 235 1715 tres
270 1669 391 1726 lato,
422 1667 515 1714 alto
551 1668 665 1713 duos
703 1684 804 1713 cum
839 1665 1072 1729 semipede.
1118 1666 1224 1712 Post
1258 1683 1426 1712 annum

112 1792 115 1793 ⁷
146 1758 351 1805 propago
379 1740 590 1787 inciditur
619 1740 674 1786 ad
699 1738 940 1787 medullam
960 1775 973 1797 ‚
993 1750 1044 1784 ut
1069 1738 1277 1801 paulatim
1308 1737 1426 1784 radi·

149 1814 276 1861 cibus
310 1812 395 1860 suis
423 1812 658 1860 assuescat:
697 1812 833 1860 caulis
863 1829 887 1858 a
918 1811 1062 1874 capite
1087 1811 1143 1857 ad
1175 1812 1280 1857 duas
1302 1828 1441 1874 gem-0

148 1902 241 1937 mas
275 1885 488 1934 reciditur
515 1904 524 1932 :
555 1886 692 1933 tertio
734 1897 860 1932 totus
900 1901 1074 1949 mergus
1117 1884 1422 1943 abscinditur,

149 1958 471 2021 reponiturque
502 1959 631 2006 altius
655 1960 702 2005 in
731 1971 922 2016 terram,
943 1974 998 2003 ne
1032 1974 1087 2003 ex
1118 1958 1259 2005 reciso
1291 1957 1423 2004 fron-

149 2030 262 2077 deat.
301 2030 427 2078 Tolli
460 2030 689 2077 viviradix
723 2047 748 2077 a
783 2028 1010 2076 vindemia
1039 2030 1245 2092 protinus
1280 2032 1425 2077 debet.

217 2120 290 2162 24.
310 2104 468 2166 Nuper
488 2116 711 2166 repertum
729 2139 743 2162 ‚
768 2104 1012 2149 draconem
1038 2103 1179 2149 serere
1207 2103 1334 2166 juxta
1358 2121 1425 2150 ar-

150 2178 340 2225 borem:
369 2176 428 2222 ita
467 2176 740 2239 appellamus
767 2176 997 2240 palmitem
1032 2176 1291 2237 emeritum,
1321 2178 1424 2240 plu·-

150 2248 355 2312 ribusque
387 2249 640 2295 induratum
674 2250 813 2296 annis.
858 2250 992 2295 Hunc
1026 2248 1260 2312 praec'isum
1290 2267 1425 2312 quam

151 2324 345 2374 maxima
378 2324 689 2388 amplitudine,
728 2325 867 2372 tribus
899 2324 1096 2390 partibus
1132 2324 1427 2388 longitudinis

150 2397 302 2444 deraso
333 2398 500 2445 cortice
521 2435 533 2457 ,
554 2413 770 2462 quatenus
799 2400 1014 2446 obruatur
1030 2436 1042 2457 ‚
1065 2400 1212 2464 (unde
1240 2402 1289 2447 &
1316 2399 1424 2446 rafi-

151 2473 241 2523 lem
270 2485 442 2522 vocant
451 2474 492 2540 ,)
519 2473 762 2537 deprimere
780 2474 902 2522 sulco
915 2511 931 2533 ,
952 2474 1121 2538 reliqua
1142 2481 1262 2536 parte
1281 2472 1336 2520 ad
1360 2490 1424 2520 ar·
