1653 2797
253 160 1234 217 NATUR.HISTOR.L1?B.XV1.
1310 179 1391 235 ης

113 268 362 337 gitudinem
397 272 662 320 excrescunt
682 271 801 318 abies
817 309 830 329 ,
854 268 992 333 larix,
1017 274 1161 338 palma
1179 277 1395 340 ,cupress¹

113 348 183 395 sus
199 386 213 407 ,
234 349 380 395 ulmus
397 384 410 406 ,
432 349 483 394 ὃ(
504 346 533 392 fi
553 363 636 408 qua
667 345 912 408 unistirpia.
947 349 1241 397 Ramosarum
1270 368 1396 398 cerae

114 420 185 467 sus
217 421 349 468 etiam
374 420 420 466 in
452 431 518 464 XL
545 418 805 466 cubitorum
829 419 1002 477 trabes,
1031 418 1205 484 aequ-„ali”
1225 440 1305 486 per
1323 436 1399 470 to—

113 504 210 540 tum
235 488 374 540 dufim
399 491 660 538 cubitorum
685 491 967 538 craffitudine
994 495 1230 555 reperitur.
1253 498 1398 556 Quae*

111 568 215 613 dam
234 564 379 612 statim
399 560 447 610 in
474 580 625 610 ramos
648 563 948 627 sparguntur,
974 576 1027 610 ut
1054 565 1173 612 mali.

175 642 270 686 LV.
303 640 478 686 Cortex
514 631 611 689 aliis
644 637 820 696 tenuiS,
856 647 904 692 'ut
937 637 1102 695 lauro,
1132 639 1266 686 tiliae:
1295 640 1401 688 ‘aliis

109 713 292 771 craffus,
311 725 361 760 ut
382 706 556 758 robori.
587 711 699 757 Aliis
718 709 844 756 laevis
857 746 871 767 ,
889 722 938 756 ut
963 710 1085 756 malo
1100 746 1114 769 ,
1133 709 1238 759 fico.
1278 713 1398 759 Idem

110 785 263 833 scaber
291 785 486 842 robori,
519 784 695 848 palmae.
725 774 953 830 Omnibus
983 783 1029 829 in
1052 784 1222 831 senecta
1253 802 1398 849 rugo-⁴

110 858 215 904 fior.
253 856 534 918 Quibusdam
571 855 795 918 rumpitur
827 854 1019 917 sponte,
1049 871 1097 904 ut
1133 857 1231 903 viti,
1273 858 1396 917 Qui-2

108 924 293 979 busdam
313 932 445 978 etiam
469 929 584 977 cadit
602 966 615 987 ,
644 942 695 976 ut
723 929 845 975 malo
861 966 876 986 ‚
900 929 1128 977 unedoni:
1152 931 1394 990 carnosus,

110 1003 285 1061 suberi,
304 1002 508 1066 populo:
534 1000 899 1048 membranaceus
913 1037 927 1060 ‚
958 1013 1009 1048 ut
1028 1002 1113 1049 viti
1129 1039 1143 1061 ,
1163 1004 1397 1051 arundini}

110 1075 236 1123 libris
263 1073 414 1121 fimilis
431 1110 444 1133 ,
461 1073 637 1121 cer-aso:
663 1071 902 1136 multiplex
920 1073 1084 1120 tunicis
1102 1111 1114 1132 ,
1134 1087 1183 1121 ut
1200 1075 1370 1123 vitibus
1384 1107 1400 1136 ,

110 1148 220 1201 tiliae
235 1184 248 1206 ,
268 1148 417 1195 abieti.
439 1146 720 1208 Quibusdam
740 1145 953 1208 fimplex,
976 1157 1025 1193 ut
1041 1145 1131 1195 fico
1146 1184 1158 1205 ‚
1179 1149 1403 1198 arundini.-

175 1223 292 1268 LVI.
320 1223 483 1284 Magna
505 1222 555 1268 &
575 1215 776 1266 radicum
808 1218 1068 1267 differentia.
1099 1221 1314 1283 Copiosae
1343 1221 1400 1268 fi·-

108 1312 168 1343 co
183 1331 196 1352 ,
217 1294 375 1340 robori
390 1293 629 1356 ,platano:
654 1293 813 1338 breves
835 1293 884 1338 &
903 1291 1123 1355 angustae,
1141 1294 1261 1340 malo
1280 1313 1291 1341 ε
1311 1294 1401 1341 fin-

107 1369 279 1433 gulares
298 1367 457 1426 abieti,
470 1366 608 1413 larici.
626 1365 817 1428 Singulis
834 1364 954 1410 enim
971 1365 1241 1426 innituntur,
1259 1385 1399 1431 quan-

107 1457 242 1505 quam
260 1439 445 1486 minutis
462 1440 509 1485 in
532 1439 666 1485 latera
684 1436 896 1499 disperfis.
932 1436 1177 1484 Craffiores
1197 1439 1323 1485 lauro
1344 1441 1395 1485 δε

106 1512 375 1576 inaequales:
407 1511 513 1557 item
548 1510 688 1567 oleae,
719 1507 793 1555 cui
825 1508 874 1553 &
906 1507 1105 1556 ramosae.
1147 1512 1206 1555 At
1235 1510 1397 1557 robori

109 1585 322 1634 carnosae.
353 1585 541 1632 Robora
559 1583 655 1630 suas
679 1582 726 1628 in
744 1580 1025 1644 profundum
1045 1595 1194 1645 agunt.
1218 1583 1263 1629 Si
1285 1583 1395 1630 Vir-

105 1658 218 1723 gilio
251 1658 434 1720 quidem
461 1656 682 1704 credimus
699 1691 712 1713 ,
744 1653 944 1713 esculus,
980 1667 1200 1718 quantum
1218 1649 1395 1719 'corpo-⁵

105 1749 155 1778 re
181 1730 347 1777 eminet
368 1765 381 1782 ,
412 1741 589 1777 tantum
622 1727 772 1775 radice
790 1727 1031 1775 descendit.
1067 1728 1196 1774 Oleae
1212 1765 1226 1785 ,
1245 1729 1394 1775 malis-

106 1821 196 1867 que
216 1839 229 1862 ,
259 1805 310 1850 ὅ(
343 1801 553 1866 cupreffis
570 1837 584 1860 ,
618 1817 697 1864 per
714 1799 882 1846 summa
909 1798 1138 1862 cespitum.
1160 1800 1271 1847 Aliis
1291 1818 1392 1849 rec-

105 1887 157 1922 to
193 1888 372 1935 meatu,
405 1892 457 1922 ut
489 1875 616 1921 lauro
636 1909 650 1932 ,
674 1873 788 1918 oleae
814 1890 824 1917 :
858 1871 954 1917 aliis
988 1869 1194 1919 flexuoso
1212 1908 1225 1931 ,
1256 1886 1307 1920 ut
1336 1874 1392 1919 fi«

107 1964 180 1998 co.
215 1950 403 1996 Minutis
444 1949 540 1995 haec
571 1945 892 2010 capillamentis
927 1944 1090 1992 hirsuta
1109 1979 1122 2003 ‚
1152 1959 1202 1992 ut
1239 1947 1392 2006 abies,

108 2021 350 2087 multaeque
388 2020 680 2068 silvestrium:
719 2031 743 2066 e
777 2018 943 2082 quibus
986 2019 1189 2064 montani
1226 2034 1391 2082 praete«

107 2098 210 2144 nuia
245 2096 317 2157 fila
354 2098 666 2158 decerpentes,
693 2091 948 2156 speElabiles
975 2091 1183 2156 lagenas,
1218 2094 1268 2141 &
1307 2095 1392 2142 alia

106 2170 212 2219 vasa
232 2171 427 2217 nefitunt.
461 2163 658 2230 Quidam
694 2183 789 2212 non
823 2165 955 2212 altius
981 2163 1245 2212 descendere
1278 2168 1392 2213 radi-

107 2260 204 2302 ces,
232 2260 364 2307 quam
385 2241 500 2288 Solis
526 2240 649 2288 calor
675 2237 944 2302 tepefaciat,
964 2237 1098 2300 idque
1122 2253 1277 2284 natura
1297 2239 1390 2285 loci

104 2313 325 2360 tenuioris
344 2311 638 2369 craffiorisve,
657 2309 830 2356 dixere:
851 2309 976 2372 quod
997 2307 1153 2355 falsum
1177 2310 1387 2357 arbitror-

106 2388 241 2450 Apud
272 2387 473 2434 auctores
499 2398 620 2433 certe
649 2383 908 2441 invenitur,
930 2382 1085 2429 abietis
1112 2383 1260 2445 planta
1282 2399 1386 2429 cum

108 2460 454 2519 transferretur,
485 2473 581 2506 vlu
616 2458 875 2509 cubitorum
909 2458 955 2503 in
999 2455 1264 2504 altitudine:
1302 2470 1389 2503 nec·

1030 2531 1072 2575 H
1108 2546 1132 2574 2
