1653 2797
235 173 331 222 4¹4
492 154 1321 212 C.PL1N115ECUND1-

295 268 456 315 LXIX.
501 267 762 315 Heraclium
800 285 982 333 quoque
1024 269 1110 317 tria
1141 287 1301 334 genera
1339 271 1507 324 haben

229 341 403 405 nigrius
420 376 433 397 ,
454 340 686 388 latioribus
705 341 826 390 foliis
841 377 857 398 ,
871 341 1156 405 glutinosum.
1186 343 1392 392 Alterum
1407 346 1509 393 exi-

228 414 447 471 lioribus,
468 413 650 460 mollius
665 450 679 473 ,
699 414 960 479 sampsucho
997 433 1093 463 non
1126 417 1326 467 diffimile
1343 456 1356 479 ‚
1381 420 1526 485 quod·

230 486 368 550 aliqui
399 487 577 550 prafion
609 502 780 534 vocare
816 487 1003 534 malunt.
1059 488 1267 536 Tertium
1296 489 1358 538 est
1390 491 1510 538 inter

230 558 329 605 haec
360 557 556 604 medium
574 592 588 614 ‚
617 557 764 604 minus
802 576 937 622 quam
975 572 1123 606 cetera
1152 561 1326 610 efficax.
1367 563 1510 626 Opti-

231 648 357 680 mum
381 644 528 678 autem
549 631 797 678 Creticum.
830 632 950 677 Nam
970 632 1020 679 δι’.
1046 630 1241 693 jucunde
1261 632 1369 681 olet.
1392 635 1510 681 Pro-

230 707 406 754 ximum
437 706 719 769 Smyrnaeum
741 740 755 761 ‚
788 703 989 751 odorius.
1025 705 1421 767 Heracleoticum,
1453 706 1510 754 ad

229 795 393 845 potum
420 777 603 835 utilius,
635 776 763 839 quod
791 776 939 824 onitin
970 790 1157 826 vocant.

297 851 565 902 Communis
601 866 746 897 autem
781 851 883 898 usus
924 850 1146 915 serpentes
1190 852 1340 918 fugare
1361 891 1375 914 ,
1406 871 1511 918 per-

233 928 363 976 cuffis
411 923 502 972 esui
541 924 644 970 dare
687 924 920 970 decoffitm
943 960 958 984 ,
992 937 1107 988 potu
1143 927 1319 974 urinam
1358 929 1514 988 ciere,

233 1002 375 1065 ruptis
391 1036 405 1059 ‚
434 997 665 1046 convulsis
690 998 858 1045 mederi
889 1016 990 1046 cum
1017 999 1198 1062 panacis
1225 1001 1404 1060 radice,
1425 1002 1514 1068 hy-

234 1073 433 1138 dropicis
471 1089 572 1120 cum
611 1070 700 1119 fico
720 1108 735 1131 ,
767 1083 844 1118 aut
888 1089 991 1119 curn
1025 1072 1223 1136 hyssopo
1245 1109 1260 1131 ‚
1294 1072 1514 1122 acetabuli

233 1148 450 1198 mensuris
485 1147 721 1194 decoEtum
761 1147 816 1193 ad
847 1145 1030 1193 sextam.
1063 1148 1173 1192 Item
1203 1147 1258 1193 ad
1285 1146 1474 1196 scabiem
1496 1180 1514 1208 ,

231 1222 507 1287 pruriginem
519 1257 532 1278 ‚
548 1220 698 1284 psoras
710 1256 724 1279 ,
742 1220 790 1266 in
807 1219 1088 1267 descensione
1103 1219 1388 1268 balinearum.
1405 1223 1515 1270 Suc·

232 1316 311 1347 cus
343 1298 523 1345 auribus
556 1296 808 1344 infunditur
843 1313 946 1342 cum
973 1295 1098 1344 laste.
1136 1295 1351 1343 Tonsillis
1388 1313 1513 1360 quo-

233 1387 322 1436 que
356 1373 406 1418 &
435 1371 536 1417 uvis
565 1369 767 1416 medetur
788 1406 804 1426 ,
828 1370 878 1415 &
916 1369 1070 1431 capitis
1111 1368 1378 1418 hulceribus.
1418 1372 1516 1417 Ve⁶

233 1464 351 1494 nena
385 1445 483 1508 opii
519 1445 570 1491 &
607 1442 735 1507 gypsi
768 1442 1008 1506 exstinguit
1039 1442 1307 1498 decoflum,
1338 1442 1371 1488 fi
1409 1460 1514 1492 cum

235 1519 386 1567 cinere
425 1519 473 1562 in
509 1516 626 1562 vino
660 1515 851 1562 bibatur.
898 1515 1072 1561 Alvum
1103 1515 1253 1562 mollit
1291 1515 1513 1564 acetabuli

235 1592 449 1641 mensura.
485 1589 708 1654 Sugillatis
732 1588 935 1635 illinitur.
978 1591 1087 1635 Item
1109 1588 1309 1635 dentium
1330 1588 1512 1647 dolori,

233 1667 398 1731 quibus
422 1665 554 1711 etiam
580 1663 631 1709 ὃς
660 1660 903 1708 candorem
924 1657 1029 1705 facit
1049 1695 1063 1717 ‚
1086 1676 1191 1706 cum
1219 1659 1349 1705 melle
1367 1661 1418 1707 &
1439 1659 1512 1705 ni-

236 1756 326 1790 tro.
366 1740 635 1803 Sanguinem
670 1734 842 1782 narium
872 1732 988 1779 sistit.
1028 1733 1099 1779 Ad
1125 1733 1349 1796 parotidas
1376 1732 1513 1780 deco-

234 1817 388 1882 quitur
427 1831 529 1861 cum
556 1810 805 1859 hordeacea
831 1807 988 1855 farina.
1034 1807 1107 1853 Ad
1138 1807 1317 1853 arterias
1347 1805 1516 1870 asperas

237 1906 342 1937 cum
376 1886 489 1951 galla
524 1885 574 1932 &
601 1881 732 1929 melle
764 1879 952 1927 teritur}
984 1879 1037 1925 ad
1070 1877 1233 1924 lienem
1262 1877 1374 1925 solia
1408 1892 1512 1926 cum

236 1961 368 2009 melle
412 1961 463 2007 δε
502 1956 599 2004 sale.
647 1954 892 2002 Craffiores
933 1949 1114 2014 pituitas
1153 1951 1204 1997 &
1244 1950 1392 2013 nigras
1429 1966 1514 1996 ex-

237 2045 392 2082 tenuat
419 2031 596 2078 cofhlm
631 2045 731 2076 cum
758 2038 884 2073 aceto
918 2026 968 2071 &
997 2023 1078 2069 sale
1097 2059 1111 2082 ,
1138 2023 1331 2069 sumtum
1356 2022 1513 2086 paula-⁵

238 2108 334 2154 tim.
373 2097 519 2167 Regio
550 2101 716 2149 morbo
744 2098 903 2146 tritum
939 2113 1042 2145 cum
1074 2096 1179 2142 oleo
1213 2097 1259 2143 in
1287 2112 1410 2143 nares
1437 2096 1512 2142 in·-

238 2182 456 2230 funditur.
489 2178 600 2227 Laffi
629 2189 936 2241 perunguntur
968 2192 1024 2222 ex
1053 2191 1140 2232 eo,
1161 2173 1219 2220 ita
1245 2184 1295 2218 ut
1322 2188 1379 2218 ne
1399 2187 1512 2218 ven-²

237 2267 305 2302 ter
342 2254 596 2317 attingatur.
644 2250 935 2314 Epinyctidas
975 2265 1079 2296 cum
1117 2246 1216 2310 pice
1249 2244 1382 2292 sanat.
1421 2245 1512 2290 Fu-

245 2326 460 2374 runculos
489 2323 627 2387 aperit
660 2339 766 2369 cum
787 2319 876 2368 fico
906 2319 1013 2366 trito
1035 2317 1247 2366 :strumas
1276 2333 1378 2363 cum
1405 2314 1513 2361 oleo

240 2403 291 2448 &
320 2414 448 2447 aceto
478 2400 528 2446 δε
548 2398 688 2445 farina
709 2396 968 2443 hordeacea.
1006 2393 1174 2440 Lateris
1202 2390 1381 2438 dolores
1409 2405 1513 2436 cum

243 2472 333 2525 fico
379 2473 555 2526 illitum.
605 2470 846 2519 fluxiones
892 2467 1112 2531 sanguinis
1158 2465 1207 2515 in
1247 2461 1513 2529 genitalibus
