1653 2797
251 128 1198 178 NATUR.H18TOR.L113..XV.
1351 142 1404 195 55

119 236 256 302 plicia
288 237 569 295 translatam,
604 235 679 282 sed
709 252 732 282 a
756 236 913 282 Perseo
948 237 1153 299 Memphi
1183 235 1329 284 satam.
1351 240 1408 283 Et

122 314 186 360 ob
217 314 263 359 id
282 311 587 359 Alexandrum
618 310 693 356 illa
721 310 934 356 coronari
962 310 1157 357 victores
1187 310 1250 356 ibi
1279 311 1406 357 insti-

118 385 247 432 tuiffe
270 421 283 443 ,
312 385 359 430 in
388 383 612 429 honorem
643 381 765 428 atavi
795 380 875 428 sui.
912 382 1095 444 Semper
1124 397 1276 430 autem>
1293 383 1409 430 folia

117 458 251 505 habet
283 458 334 503 δε
371 472 541 518 poma,
579 453 944 501 subnascentibus
981 454 1091 501 aliis.
1135 457 1219 502 Sed
1260 474 1407 520 pruna

117 545 303 594 quoque
333 529 488 576 omnia
522 528 622 592 post
644 529 872 575 Catonem
902 527 1087 591 coepifi'e
1123 529 1406 577 manifestum

115 603 192 652 est.
1047 644 1050 647 ,

179 677 303 723 XIV.
325 674 552 722 Malorum
574 673 701 737 plura
721 673 823 721 sunt
843 690 1013 738 genera.
1039 675 1115 721 De
1132 674 1282 721 citreis
1301 692 1404 724 cum

114 749 189 798 sua
221 749 381 796 arbore
412 748 623 795 diximus.
656 747 833 793 Medica
861 758 1011 793 autem
1044 746 1195 793 Graeci
1230 760 1406 794 vocant

113 822 270 888 patriae
303 822 506 869 nomine.
536 822 680 884 AEque
716 819 951 883 peregrina
990 818 1091 867 sunt
1122 819 1319 882 zizipha,
1354 822 1405 868 δε

115 896 323 954 tuberes,
356 911 457 958 quae
486 895 537 940 &
571 893 663 956 ipsa
698 909 794 939 non
822 892 996 955 pridem
1031 909 1199 939 venere
1233 892 1280 938 in
1312 895 1407 939 Ita-=⁴

113 970 246 1016 liam:
271 968 366 1016 haec
392 985 450 1014 ex
480 966 659 1024 Africa,
689 966 764 1013 illa
791 983 847 1013 ex
868 967 1015 1030 Syria.
1042 967 1143 1014 Sex²
1166 967 1403 1031 Papinius,

112 1059 248 1106 quem
277 1041 525 1089 Consulem
551 1040 774 1099 vidimus,
806 1039 975 1103 primus
1004 1052 1191 1105 utraque
1220 1042 1403 1101 attulit,

113 1114 234 1163 Divi
247 1114 432 1178 Augusti
451 1112 704 1159 novistimis
725 1111 1027 1173 temporibus,
1050 1112 1096 1157 in
1117 1111 1265 1158 castris
1287 1111 1402 1171 sata,

111 1187 263 1236 baccis
287 1186 500 1233 fimiliora
514 1222 528 1242 ,
549 1201 684 1248 quam
706 1183 855 1231 malis:
887 1183 960 1230 sed
991 1184 1226 1247 aggeribus
1244 1185 1407 1246 praeci-

111 1277 200 1325 pue
227 1260 420 1315 decora,
454 1256 671 1320 quoniam
710 1258 760 1303 &
784 1256 831 1300 in
864 1256 974 1301 teila
1002 1255 1089 1316 jam
1117 1255 1242 1303 filvae
1273 1256 1400 1302 scan-

112 1335 238 1381 dunt.
273 1332 508 1379 Tuberum
539 1331 629 1376 duo
666 1346 855 1393 genera:
894 1330 1162 1387 candidum,
1198 1333 1247 1378 &
1278 1348 1302 1376 a
1322 1348 1403 1378 co-

109 1408 208 1454 lore
239 1404 438 1470 syricum
465 1403 645 1449 dietum.
674 1404 806 1448 Paene
836 1401 1073 1466 peregrina
1100 1401 1203 1449 sunt
1235 1403 1282 1449 in
1303 1421 1402 1450 uno

108 1480 249 1530 Italiae
282 1495 392 1543 agro
426 1476 679 1525 Veronensi
710 1476 968 1535 nascentia,
1000 1494 1101 1540 quae
1138 1477 1281 1525 lanata
1318 1497 1399 1542 ap-

110 1552 347 1617 pellantur.
385 1555 570 1616 Lanugo
615 1569 665 1598 ea
709 1551 930 1617 obducit,
972 1550 1177 1598 strutheis
1217 1553 1401 1616 quidem

107 1625 378 1689 Persicisque
395 1626 607 1688 plurima:
629 1625 698 1671 his
714 1636 864 1672 tamen
885 1624 1110 1687 peculiare
1132 1641 1306 1672 nomen
1325 1626 1398 1673 de-

109 1699 204 1759 dit,
227 1699 350 1746 nulla
379 1699 463 1746 alia
491 1698 891 1746 commendatione
924 1699 1191 1762 insignibusi

112 1771 115 1774 ’
175 1775 284 1821 XV.
328 1773 517 1836 Reliqua
551 1791 630 1820 cur
668 1773 817 1837 pigeat
853 1772 1124 1818 nominatim
1166 1773 1396 1833 indicare,

111 1864 216 1894 cum
239 1845 557 1894 conditoribus
576 1846 659 1893 suis
690 1859 901 1893 aeternam
922 1847 1282 1909 propagaverint
1298 1864 1397 1892 me—

108 1917 302 1965 moriam
328 1952 342 1974 ,
375 1928 586 1979 tanquam
624 1918 688 1964 ob
727 1917 954 1981 egregium
993 1917 1181 1981 aliquod
1218 1918 1265 1964 in
1301 1919 1399 1966 vita

109 1991 417 2038 fa&um?Nis1
452 1990 612 2050 fallor,
633 1991 866 2055 apparebit
895 2008 953 2037 ex
984 2008 1040 2037 eo
1073 1991 1303 2054 ingenium
1323 1991 1405 2037 in--

110 2063 307 2110 serendi:
339 2063 538 2127 nihilque
566 2076 656 2110 tam
682 2081 879 2127 parvum
898 2064 1011 2122 effe,
1031 2064 1158 2128 quod
1180 2081 1276 2110 non
1298 2065 1398 2128 glo-

108 2137 222 2189 riam
255 2154 408 2199 parere
443 2138 590 2200 poffit.
632 2140 754 2202 Ergo
792 2138 959 2185 habent
995 2137 1220 2202 originem
1243 2156 1268 2185 a
1297 2141 1401 2185 Man

108 2210 177 2255 tio
196 2245 209 2266 ‚
236 2209 484 2274 Gestioque
499 2248 513 2269 ‚
547 2213 596 2259 ὃς
618 2211 791 2258 Manlio
809 2247 822 2270 ,
853 2212 959 2258 item
982 2212 1177 2258 Scaudio
1195 2230 1210 2260 t
1230 2212 1403 2275 quibus.

110 2293 314 2328 cotoneo
339 2282 470 2329 infito
505 2284 560 2331 ab
592 2284 745 2348 Appio
777 2302 800 2331 e
828 2284 1019 2332 Claudia
1040 2298 1195 2349 gente,
1222 2286 1396 2347 Appia-n

107 2370 165 2401 na
191 2353 290 2401 sunt
323 2357 656 2418 cognominata.
693 2359 828 2405 Odor
863 2357 925 2405 est
955 2358 1026 2404 his
1053 2371 1358 2407 cotoneorum
1378 2393 1404 2417 ‚¹

109 2427 375 2492 magnitudo
404 2444 507 2492 quae
534 2429 794 2478 Scaudianis
812 2466 826 2487 ,
863 2430 996 2478 color
1032 2430 1213 2477 rubens.
1250 2433 1316 2479 Ac
1339 2448 1395 2478 ne

1025 2504 1138 2560 [³4
