1653 2797
224 157 285 188 20
471 139 528 185 C.
574 135 1246 184 PLINIISECUNDI

224 241 288 295 est
320 266 331 294 ε
368 247 589 311 quoniam
622 245 850 292 officinam
887 243 980 306 ejus
1015 244 1079 291 rei
1111 243 1257 290 fecere
1287 243 1512 308 tingentes

226 320 666 382 iumo,11tina1nq11e
689 336 783 365 non
807 320 858 365 ἃ
876 317 1048 375 herbis,
1069 334 1121 363 ac
1143 316 1512 364 medicaminibus

226 395 393 442 noxiis.
426 395 612 457 Quippe
639 395 770 441 etiam
802 395 937 440 aloen
967 402 1247 450 mercantur,
1267 407 1354 454 qua
1384 390 1513 453 sapo-

223 488 322 516 rem
357 470 654 533 coloremque
677 469 944 516 adulterant.

295 547 345 592 6.
389 549 557 592 Veium
597 546 648 590 &
683 543 1008 606 longinquiora
1049 540 1184 588 Italiae
1218 540 1273 587 ab
1307 539 1515 587 Ausonio

225 618 364 674 mari,
391 634 485 663 non
513 627 667 663 carent
684 615 828 678 gloria
844 651 857 673 ‚
875 613 1121 660 Tarentina
1135 649 1148 671 ,
1172 614 1222 658 &
1241 611 1518 669 Servitian·a·,

225 692 277 738 &
296 688 553 737 Consentiae
573 688 719 751 genita
735 723 748 744 ‚
770 688 820 733 &
844 685 1046 748 Tempsae
1061 720 1075 743 9
1101 702 1151 731 ac
1178 683 1322 731 Babiae
1341 721 1354 740 ‚
1373 686 1517 730 Luca-

228 778 377 825 naque
398 759 761 807 antecedentibus
793 757 1025 802 Thurinis.
1063 756 1283 801 Omnium
1301 771 1416 802 vero
1437 771 1517 801 eo·-

227 852 327 881 rum
353 833 547 880 maxime
570 829 779 876 illustrata
808 827 1003 873 Meffalae
1031 838 1146 889 potu
1171 828 1221 872 &
1245 825 1414 884 salute,
1438 830 1518 874 La—

226 908 406 972 gmina,
441 921 535 950 non
569 904 734 983 piocul
765 904 1025 948 Grumento
1060 899 1298 946 nascentia.
1325 901 1543 963 Campa-,

229 982 304 1027 nia
326 995 467 1041 nuper
488 976 710 1023 excitavit
735 974 874 1021 novis
895 972 1157 1019 nominibus
1182 969 1521 1034 auctoritatem,

228 1055 323 1102 five
349 1069 488 1110 cura,
521 1051 613 1097 five
650 1048 780 1108 casu,
808 1049 863 1095 ad
896 1059 1101 1112 quartum
1125 1063 1151 1093 a
1181 1045 1378 1109 Neapoli
1410 1045 1521 1108 lapi-

231 1127 335 1173 dem
353 1123 620 1172 Trebellicis
644 1139 654 1168 ε
677 1121 801 1184 juxta
827 1121 1033 1182 Capuam
1054 1117 1279 1177 Caulinis,
1297 1120 1347 1166 &
1371 1117 1418 1164 in
1438 1117 1520 1164 suo

230 1214 344 1262 agro
372 1195 672 1243 Trebulanis:
698 1192 873 1257 alioqui
905 1191 1076 1255 semper
1108 1192 1227 1237 inter
1263 1189 1438 1253 plebeja
1470 1193 1522 1240 δε

231 1269 474 1317 Trifolinis
499 1267 698 1331 gloriata.
738 1267 852 1312 Nam
881 1264 1167 1327 Pompejanis
1197 1262 1416 1310 summum
1449 1264 1523 1310 de-

233 1360 332 1390 cem
353 1356 577 1388 annorum
601 1339 927 1384 incrementum
957 1337 1018 1382 est
1033 1372 1047 1394 ‚
1073 1335 1186 1383 nihil
1214 1335 1383 1383 sene&a
1407 1353 1524 1384 con-

235 1414 421 1462 ferente.
466 1411 649 1460 Dolore
687 1411 819 1457 etiam
861 1409 1060 1473 capitum
1093 1410 1140 1455 in
1170 1408 1336 1456 sextam
1361 1410 1522 1458 horam
1573 1427 1576 1431 ·

236 1487 326 1534 diei
342 1484 564 1549 sequentis
580 1481 735 1529 infesta
755 1482 1166 1544 deprehenduntur.
1188 1481 1367 1542 Quibus
1384 1499 1525 1530 exem·

238 1560 322 1624 plis
340 1598 355 1617 ‚
385 1559 467 1606 nisi
499 1557 660 1614 fallor,
687 1554 971 1601 manifestum
1000 1554 1088 1612 est,
1123 1554 1310 1616 patriam
1339 1566 1525 1602 terram·

240 1651 327 1698 que
354 1630 544 1688 referre,
573 1645 668 1674 non
697 1644 861 1674 uvam:
891 1628 940 1674 &
968 1625 1288 1688 supervacuam
1311 1643 1526 1690 generum

243 1703 621 1753 confestationem
641 1701 686 1746 in
703 1717 962 1757 numerum,
985 1717 1088 1747 cum
1109 1699 1261 1745 eadem
1280 1699 1387 1746 vitis
1406 1698 1528 1745 aliud

243 1778 341 1826 aliis
371 1777 418 1822 in
442 1775 556 1822 locis
589 1774 768 1837 polleat.
815 1772 1127 1835 Hispaniarum
1153 1772 1363 1818 Laletana
1394 1772 1529 1834 copia

244 1850 544 1898 nobilitantur
567 1867 577 1894 :
610 1846 829 1911 elegantia
857 1863 972 1893 vero
996 1845 1374 1904 Tarraconensia,
1394 1858 1529 1908 atque

245 1922 573 1971 Lauronensia:
608 1924 658 1969 &
688 1921 909 1968 Balearica
941 1936 997 1965 ex
1028 1918 1210 1976 insulis,
1233 1917 1530 1965 conferuntur

248 1995 385 2042 ltaliae
415 1994 583 2057 primis.
615 1995 658 2040 N
663 2010 713 2040 ec
740 1994 934 2057 ignoro,
965 1993 1104 2038 multa
1128 1990 1413 2055 praetermissa
1437 1990 1531 2052 ple-

250 2067 414 2130 rosque
446 2066 803 2125 existimaturos,
831 2066 1012 2130 quando
1032 2064 1157 2113 suum
1182 2066 1342 2128 cuique
1363 2063 1532 2126 placet,

252 2143 304 2189 δε
334 2157 607 2204 quocunque
639 2152 790 2197 eatur,
815 2139 963 2186 fabula
996 2139 1150 2185 eadem
1177 2136 1423 2200 reperitur:
1444 2137 1533 2184 Di-

254 2217 306 2263 vi
334 2215 518 2279 Augusti
540 2215 814 2277 judiciorum
844 2232 895 2261 ac
926 2214 1061 2278 palati
1087 2214 1393 2276 peritissimum
1421 2230 1445 2260 e
1476 2212 1531 2258 li-

254 2288 423 2346 bertis,
462 2288 689 2334 censuram
728 2288 827 2334 vini
860 2288 908 2333 in
945 2287 1096 2349 epulas
1139 2285 1232 2348 ejus
1268 2286 1532 2343 facientem,

256 2360 410 2406 dixisse
445 2360 610 2423 hospiti
647 2362 699 2407 de
733 2361 940 2424 indigena
971 2360 1085 2406 vino
1104 2395 1119 2419 ‚
1149 2376 1325 2406 novum
1352 2358 1534 2422 quidem

250 2433 334 2481 slbi
364 2433 539 2496 gustum
564 2435 648 2481 effe
675 2451 802 2495 eum,
829 2446 959 2497 atque
985 2450 1081 2480 non
1107 2449 1166 2480 ex
1191 2431 1441 2491 nobilibus,
1461 2431 1532 2478 sed
