<?xml version="1.0" encoding="UTF-8"?>
<!DOCTYPE html PUBLIC "-//W3C//DTD XHTML 1.0 Transitional//EN"
    "http://www.w3.org/TR/xhtml1/DTD/xhtml1-transitional.dtd">
<html xmlns="http://www.w3.org/1999/xhtml" xml:lang="en" lang="en">
 <head>
  <title>
</title>
<meta http-equiv="Content-Type" content="text/html;charset=utf-8" />
  <meta name='ocr-system' content='tesseract 3.04.00' />
  <meta name='ocr-capabilities' content='ocr_page ocr_carea ocr_par ocr_line ocrx_word'/>
</head>
<body>
  <div class='ocr_page' id='page_1' title='image "./caiipliniisecund03plinuoft_0277.png"; bbox 0 0 1653 2797; ppageno 0'>
   <div class='ocr_carea' id='block_1_1' title="bbox 235 168 1414 235">
    <p class='ocr_par' dir='ltr' id='par_1_1' title="bbox 235 168 1414 235">
     <span class='ocr_line' id='line_1_1' title="bbox 235 168 1414 235; baseline -0.003 -14"><span class='ocrx_word' id='word_1_1' title='bbox 235 172 507 221; x_wconf 80' lang='lat' dir='ltr'><strong>NATUR.</strong></span> <span class='ocrx_word' id='word_1_2' title='bbox 543 168 863 218; x_wconf 81' lang='lat' dir='ltr'><strong>HISTOR.</strong></span> <span class='ocrx_word' id='word_1_3' title='bbox 898 170 1030 217; x_wconf 83' lang='lat' dir='ltr'><strong>LIB.</strong></span> <span class='ocrx_word' id='word_1_4' title='bbox 1057 168 1267 218; x_wconf 86' lang='lat' dir='ltr'>XVIII.</span> <span class='ocrx_word' id='word_1_5' title='bbox 1322 171 1414 235; x_wconf 80' lang='lat'>269</span> 
     </span>
    </p>
   </div>
   <div class='ocr_carea' id='block_1_2' title="bbox 133 276 1427 2533">
    <p class='ocr_par' dir='ltr' id='par_1_2' title="bbox 133 276 1419 777">
     <span class='ocr_line' id='line_1_2' title="bbox 134 276 1415 344; baseline -0.001 -17"><span class='ocrx_word' id='word_1_6' title='bbox 134 290 267 327; x_wconf 62' lang='lat' dir='ltr'>’intim</span> <span class='ocrx_word' id='word_1_7' title='bbox 286 281 502 344; x_wconf 81' lang='lat' dir='ltr'>appellata</span> <span class='ocrx_word' id='word_1_8' title='bbox 522 278 725 326; x_wconf 80' lang='lat' dir='ltr'>deliratio</span> <span class='ocrx_word' id='word_1_9' title='bbox 745 276 820 322; x_wconf 88' lang='lat' dir='ltr'>est.</span> <span class='ocrx_word' id='word_1_10' title='bbox 854 279 1034 337; x_wconf 84' lang='lat' dir='ltr'>Quarto</span> <span class='ocrx_word' id='word_1_11' title='bbox 1057 277 1140 325; x_wconf 88' lang='lat' dir='ltr'>seri</span> <span class='ocrx_word' id='word_1_12' title='bbox 1166 278 1290 326; x_wconf 90' lang='lat' dir='ltr'>sulco</span> <span class='ocrx_word' id='word_1_13' title='bbox 1309 279 1415 326; x_wconf 82' lang='lat' dir='ltr'>Vir-</span> 
     </span>
     <span class='ocr_line' id='line_1_3' title="bbox 133 347 1418 413; baseline 0.001 -18"><span class='ocrx_word' id='word_1_14' title='bbox 133 350 267 413; x_wconf 80' lang='lat' dir='ltr'>gilius</span> <span class='ocrx_word' id='word_1_15' title='bbox 287 351 561 398; x_wconf 83' lang='lat' dir='ltr'>existimatur</span> <span class='ocrx_word' id='word_1_16' title='bbox 584 347 798 403; x_wconf 71' lang='lat' dir='ltr'>voluisse,</span> <span class='ocrx_word' id='word_1_17' title='bbox 826 365 929 394; x_wconf 89' lang='lat' dir='ltr'>cum</span> <span class='ocrx_word' id='word_1_18' title='bbox 955 350 1069 396; x_wconf 79' lang='lat' dir='ltr'>dixit</span> <span class='ocrx_word' id='word_1_19' title='bbox 1091 352 1308 413; x_wconf 83' lang='lat' dir='ltr'>optimam</span> <span class='ocrx_word' id='word_1_20' title='bbox 1333 351 1418 397; x_wconf 83' lang='lat' dir='ltr'>effe</span> 
     </span>
     <span class='ocr_line' id='line_1_4' title="bbox 139 418 1419 486; baseline 0.001 -18"><span class='ocrx_word' id='word_1_21' title='bbox 139 422 328 486; x_wconf 83' lang='lat' dir='ltr'>segetem</span> <span class='ocrx_word' id='word_1_22' title='bbox 345 459 360 481; x_wconf 84' lang='lat'>‚</span> <span class='ocrx_word' id='word_1_23' title='bbox 381 439 479 485; x_wconf 86' lang='lat' dir='ltr'>quae</span> <span class='ocrx_word' id='word_1_24' title='bbox 499 420 565 466; x_wconf 88' lang='lat' dir='ltr'>bis</span> <span class='ocrx_word' id='word_1_25' title='bbox 589 420 740 466; x_wconf 85' lang='lat' dir='ltr'>Solem</span> <span class='ocrx_word' id='word_1_26' title='bbox 755 455 768 478; x_wconf 86' lang='lat'>‚</span> <span class='ocrx_word' id='word_1_27' title='bbox 791 419 855 466; x_wconf 86' lang='lat' dir='ltr'>bis</span> <span class='ocrx_word' id='word_1_28' title='bbox 879 418 1046 483; x_wconf 81' lang='lat' dir='ltr'>frigora</span> <span class='ocrx_word' id='word_1_29' title='bbox 1074 421 1274 468; x_wconf 76' lang='lat' dir='ltr'>senfiffet.</span> <span class='ocrx_word' id='word_1_30' title='bbox 1302 421 1419 485; x_wconf 76' lang='lat' dir='ltr'>Spi12-</span> 
     </span>
     <span class='ocr_line' id='line_1_5' title="bbox 138 492 1419 557; baseline -0.002 -15"><span class='ocrx_word' id='word_1_31' title='bbox 138 495 225 542; x_wconf 73' lang='lat' dir='ltr'>sius</span> <span class='ocrx_word' id='word_1_32' title='bbox 259 495 429 551; x_wconf 86' lang='lat' dir='ltr'>solum,</span> <span class='ocrx_word' id='word_1_33' title='bbox 457 493 569 540; x_wconf 86' lang='lat' dir='ltr'>ficut</span> <span class='ocrx_word' id='word_1_34' title='bbox 603 492 868 557; x_wconf 84' lang='lat' dir='ltr'>plerumque</span> <span class='ocrx_word' id='word_1_35' title='bbox 892 493 939 538; x_wconf 89' lang='lat' dir='ltr'>in</span> <span class='ocrx_word' id='word_1_36' title='bbox 960 493 1112 550; x_wconf 87' lang='lat' dir='ltr'>Italia,</span> <span class='ocrx_word' id='word_1_37' title='bbox 1134 495 1298 557; x_wconf 86' lang='lat' dir='ltr'>quinto</span> <span class='ocrx_word' id='word_1_38' title='bbox 1327 494 1419 541; x_wconf 86' lang='lat' dir='ltr'>sul-</span> 
     </span>
     <span class='ocr_line' id='line_1_6' title="bbox 139 567 1419 625; baseline 0.001 -9"><span class='ocrx_word' id='word_1_39' title='bbox 139 586 199 616; x_wconf 90' lang='lat' dir='ltr'>co</span> <span class='ocrx_word' id='word_1_40' title='bbox 233 569 314 616; x_wconf 91' lang='lat' dir='ltr'>seri</span> <span class='ocrx_word' id='word_1_41' title='bbox 351 568 509 615; x_wconf 89' lang='lat' dir='ltr'>melius</span> <span class='ocrx_word' id='word_1_42' title='bbox 542 567 634 625; x_wconf 91' lang='lat' dir='ltr'>est,</span> <span class='ocrx_word' id='word_1_43' title='bbox 666 568 714 614; x_wconf 91' lang='lat' dir='ltr'>in</span> <span class='ocrx_word' id='word_1_44' title='bbox 745 567 901 616; x_wconf 84' lang='lat' dir='ltr'>Tuscis</span> <span class='ocrx_word' id='word_1_45' title='bbox 930 583 1045 613; x_wconf 89' lang='lat' dir='ltr'>vero</span> <span class='ocrx_word' id='word_1_46' title='bbox 1082 585 1221 615; x_wconf 89' lang='lat' dir='ltr'>nono.</span> <span class='ocrx_word' id='word_1_47' title='bbox 1261 572 1318 616; x_wconf 86' lang='lat' dir='ltr'>At</span> <span class='ocrx_word' id='word_1_48' title='bbox 1349 570 1419 617; x_wconf 72' lang='lat' dir='ltr'>fa-</span> 
     </span>
     <span class='ocr_line' id='line_1_7' title="bbox 139 640 1418 704; baseline 0.001 -15"><span class='ocrx_word' id='word_1_49' title='bbox 139 642 240 689; x_wconf 90' lang='lat' dir='ltr'>bam</span> <span class='ocrx_word' id='word_1_50' title='bbox 269 643 319 689; x_wconf 87' lang='lat'>&amp;</span> <span class='ocrx_word' id='word_1_51' title='bbox 347 641 514 689; x_wconf 82' lang='lat' dir='ltr'>viciam</span> <span class='ocrx_word' id='word_1_52' title='bbox 547 658 643 688; x_wconf 89' lang='lat' dir='ltr'>non</span> <span class='ocrx_word' id='word_1_53' title='bbox 676 640 891 704; x_wconf 75' lang='lat' dir='ltr'>prosciffo</span> <span class='ocrx_word' id='word_1_54' title='bbox 926 640 1066 688; x_wconf 83' lang='lat' dir='ltr'>serere</span> <span class='ocrx_word' id='word_1_55' title='bbox 1100 641 1190 688; x_wconf 80' lang='lat' dir='ltr'>sine</span> <span class='ocrx_word' id='word_1_56' title='bbox 1220 642 1418 702; x_wconf 88' lang='lat' dir='ltr'>damno,</span> 
     </span>
     <span class='ocr_line' id='line_1_8' title="bbox 139 713 753 777; baseline -0.003 -15"><span class='ocrx_word' id='word_1_57' title='bbox 139 714 460 777; x_wconf 83' lang='lat' dir='ltr'>compendium</span> <span class='ocrx_word' id='word_1_58' title='bbox 491 730 644 777; x_wconf 81' lang='lat' dir='ltr'>opera:</span> <span class='ocrx_word' id='word_1_59' title='bbox 677 713 753 760; x_wconf 91' lang='lat' dir='ltr'>est.</span> 
     </span>
    </p>

    <p class='ocr_par' dir='ltr' id='par_1_3' title="bbox 141 785 1427 1872">
     <span class='ocr_line' id='line_1_9' title="bbox 204 785 1420 847; baseline 0 -13"><span class='ocrx_word' id='word_1_60' title='bbox 204 805 250 847; x_wconf 92' lang='lat'>4.</span> <span class='ocrx_word' id='word_1_61' title='bbox 284 787 393 836; x_wconf 91' lang='lat' dir='ltr'>Non</span> <span class='ocrx_word' id='word_1_62' title='bbox 423 787 682 834; x_wconf 85' lang='lat' dir='ltr'>omittemus</span> <span class='ocrx_word' id='word_1_63' title='bbox 716 803 850 832; x_wconf 90' lang='lat' dir='ltr'>unam</span> <span class='ocrx_word' id='word_1_64' title='bbox 889 785 1132 833; x_wconf 85' lang='lat' dir='ltr'>etiamnum</span> <span class='ocrx_word' id='word_1_65' title='bbox 1165 787 1317 834; x_wconf 81' lang='lat' dir='ltr'>arandi</span> <span class='ocrx_word' id='word_1_66' title='bbox 1347 805 1420 834; x_wconf 84' lang='lat' dir='ltr'>ra-</span> 
     </span>
     <span class='ocr_line' id='line_1_10' title="bbox 141 858 1420 923; baseline -0.001 -15"><span class='ocrx_word' id='word_1_67' title='bbox 141 860 339 920; x_wconf 83' lang='lat' dir='ltr'>tionem,</span> <span class='ocrx_word' id='word_1_68' title='bbox 361 861 407 907; x_wconf 87' lang='lat' dir='ltr'>in</span> <span class='ocrx_word' id='word_1_69' title='bbox 429 859 744 923; x_wconf 83' lang='lat' dir='ltr'>Transpadana</span> <span class='ocrx_word' id='word_1_70' title='bbox 771 858 894 906; x_wconf 85' lang='lat' dir='ltr'>Italia</span> <span class='ocrx_word' id='word_1_71' title='bbox 915 858 1140 906; x_wconf 77' lang='lat' dir='ltr'>bellorum</span> <span class='ocrx_word' id='word_1_72' title='bbox 1161 860 1325 922; x_wconf 84' lang='lat' dir='ltr'>injuria</span> <span class='ocrx_word' id='word_1_73' title='bbox 1345 877 1420 907; x_wconf 63' lang='lat' dir='ltr'>ex«</span> 
     </span>
     <span class='ocr_line' id='line_1_11' title="bbox 141 930 1423 997; baseline -0.001 -17"><span class='ocrx_word' id='word_1_74' title='bbox 141 933 401 997; x_wconf 87' lang='lat' dir='ltr'>cogitatam.</span> <span class='ocrx_word' id='word_1_75' title='bbox 436 932 586 980; x_wconf 80' lang='lat' dir='ltr'>Salaffi</span> <span class='ocrx_word' id='word_1_76' title='bbox 619 949 721 978; x_wconf 89' lang='lat' dir='ltr'>cum</span> <span class='ocrx_word' id='word_1_77' title='bbox 749 930 967 992; x_wconf 59' lang='lat' dir='ltr'>subjectos</span> <span class='ocrx_word' id='word_1_78' title='bbox 997 931 1185 994; x_wconf 84' lang='lat' dir='ltr'>Alpibus</span> <span class='ocrx_word' id='word_1_79' title='bbox 1216 933 1423 996; x_wconf 76' lang='lat' dir='ltr'>depopu-</span> 
     </span>
     <span class='ocr_line' id='line_1_12' title="bbox 141 1004 1422 1070; baseline 0 -17"><span class='ocrx_word' id='word_1_80' title='bbox 141 1006 339 1054; x_wconf 85' lang='lat' dir='ltr'>larentur</span> <span class='ocrx_word' id='word_1_81' title='bbox 373 1023 534 1070; x_wconf 75' lang='lat' dir='ltr'>agros,</span> <span class='ocrx_word' id='word_1_82' title='bbox 587 1006 800 1068; x_wconf 89' lang='lat' dir='ltr'>panicum</span> <span class='ocrx_word' id='word_1_83' title='bbox 837 1004 1100 1069; x_wconf 81' lang='lat' dir='ltr'>miliumque</span> <span class='ocrx_word' id='word_1_84' title='bbox 1137 1005 1223 1066; x_wconf 83' lang='lat' dir='ltr'>jam</span> <span class='ocrx_word' id='word_1_85' title='bbox 1260 1023 1422 1054; x_wconf 78' lang='lat' dir='ltr'>excre-</span> 
     </span>
     <span class='ocr_line' id='line_1_13' title="bbox 142 1075 1424 1140; baseline -0.001 -14"><span class='ocrx_word' id='word_1_86' title='bbox 142 1079 267 1127; x_wconf 89' lang='lat' dir='ltr'>scens</span> <span class='ocrx_word' id='word_1_87' title='bbox 301 1092 546 1126; x_wconf 85' lang='lat' dir='ltr'>tentavere.</span> <span class='ocrx_word' id='word_1_88' title='bbox 585 1076 822 1139; x_wconf 83' lang='lat' dir='ltr'>Postquam</span> <span class='ocrx_word' id='word_1_89' title='bbox 851 1075 1081 1140; x_wconf 81' lang='lat' dir='ltr'>respuebat</span> <span class='ocrx_word' id='word_1_90' title='bbox 1111 1094 1262 1124; x_wconf 80' lang='lat' dir='ltr'>natura</span> <span class='ocrx_word' id='word_1_91' title='bbox 1281 1114 1294 1136; x_wconf 74' lang='lat'>,</span> <span class='ocrx_word' id='word_1_92' title='bbox 1323 1081 1424 1125; x_wconf 89' lang='lat' dir='ltr'>ina-</span> 
     </span>
     <span class='ocr_line' id='line_1_14' title="bbox 142 1150 1423 1215; baseline -0.001 -16"><span class='ocrx_word' id='word_1_93' title='bbox 142 1165 311 1200; x_wconf 85' lang='lat' dir='ltr'>rarunt.</span> <span class='ocrx_word' id='word_1_94' title='bbox 343 1154 402 1199; x_wconf 84' lang='lat' dir='ltr'>At</span> <span class='ocrx_word' id='word_1_95' title='bbox 430 1152 517 1198; x_wconf 82' lang='lat' dir='ltr'>illae</span> <span class='ocrx_word' id='word_1_96' title='bbox 543 1151 695 1198; x_wconf 81' lang='lat' dir='ltr'>meffes</span> <span class='ocrx_word' id='word_1_97' title='bbox 722 1150 1028 1212; x_wconf 78' lang='lat' dir='ltr'>multiplicatae</span> <span class='ocrx_word' id='word_1_98' title='bbox 1052 1151 1272 1210; x_wconf 74' lang='lat' dir='ltr'>docuere,</span> <span class='ocrx_word' id='word_1_99' title='bbox 1298 1152 1423 1215; x_wconf 78' lang='lat' dir='ltr'>quod</span> 
     </span>
     <span class='ocr_line' id='line_1_15' title="bbox 144 1221 1424 1282; baseline -0.002 -10"><span class='ocrx_word' id='word_1_100' title='bbox 144 1242 266 1272; x_wconf 88' lang='lat' dir='ltr'>nunc</span> <span class='ocrx_word' id='word_1_101' title='bbox 299 1236 472 1271; x_wconf 88' lang='lat' dir='ltr'>vocant</span> <span class='ocrx_word' id='word_1_102' title='bbox 515 1236 709 1281; x_wconf 85' lang='lat' dir='ltr'>artrare,</span> <span class='ocrx_word' id='word_1_103' title='bbox 743 1222 789 1268; x_wconf 91' lang='lat' dir='ltr'>id</span> <span class='ocrx_word' id='word_1_104' title='bbox 829 1221 890 1268; x_wconf 86' lang='lat' dir='ltr'>est</span> <span class='ocrx_word' id='word_1_105' title='bbox 928 1237 1116 1270; x_wconf 76' lang='lat' dir='ltr'>arati-are</span> <span class='ocrx_word' id='word_1_106' title='bbox 1138 1260 1152 1282; x_wconf 80' lang='lat'><strong><em>‚</em></strong></span> <span class='ocrx_word' id='word_1_107' title='bbox 1194 1238 1245 1271; x_wconf 84' lang='lat' dir='ltr'>ut</span> <span class='ocrx_word' id='word_1_108' title='bbox 1285 1225 1424 1272; x_wconf 83' lang='lat' dir='ltr'>credo</span> 
     </span>
     <span class='ocr_line' id='line_1_16' title="bbox 144 1294 1425 1359; baseline 0.002 -16"><span class='ocrx_word' id='word_1_109' title='bbox 144 1309 255 1344; x_wconf 90' lang='lat' dir='ltr'>tunc</span> <span class='ocrx_word' id='word_1_110' title='bbox 290 1297 470 1344; x_wconf 58' lang='lat' dir='ltr'>dictum.</span> <span class='ocrx_word' id='word_1_111' title='bbox 524 1297 628 1343; x_wconf 90' lang='lat' dir='ltr'>Hoc</span> <span class='ocrx_word' id='word_1_112' title='bbox 656 1294 707 1342; x_wconf 88' lang='lat' dir='ltr'>fit</span> <span class='ocrx_word' id='word_1_113' title='bbox 734 1296 811 1343; x_wconf 83' lang='lat' dir='ltr'>vel</span> <span class='ocrx_word' id='word_1_114' title='bbox 845 1294 1086 1359; x_wconf 84' lang='lat' dir='ltr'>incipiente</span> <span class='ocrx_word' id='word_1_115' title='bbox 1119 1298 1298 1357; x_wconf 69' lang='lat' dir='ltr'>culum,</span> <span class='ocrx_word' id='word_1_116' title='bbox 1321 1317 1425 1347; x_wconf 82' lang='lat' dir='ltr'>cum</span> 
     </span>
     <span class='ocr_line' id='line_1_17' title="bbox 144 1370 1426 1434; baseline 0.003 -17"><span class='ocrx_word' id='word_1_117' title='bbox 144 1370 236 1434; x_wconf 80' lang='lat' dir='ltr'>jam</span> <span class='ocrx_word' id='word_1_118' title='bbox 257 1371 294 1417; x_wconf 86' lang='lat' dir='ltr'>is</span> <span class='ocrx_word' id='word_1_119' title='bbox 322 1370 424 1418; x_wconf 87' lang='lat' dir='ltr'>bina</span> <span class='ocrx_word' id='word_1_120' title='bbox 445 1383 632 1418; x_wconf 84' lang='lat' dir='ltr'>ternave</span> <span class='ocrx_word' id='word_1_121' title='bbox 657 1372 849 1419; x_wconf 84' lang='lat' dir='ltr'>emiserit</span> <span class='ocrx_word' id='word_1_122' title='bbox 872 1372 994 1420; x_wconf 78' lang='lat' dir='ltr'>folia.</span> <span class='ocrx_word' id='word_1_123' title='bbox 1027 1373 1123 1419; x_wconf 88' lang='lat' dir='ltr'>Nec</span> <span class='ocrx_word' id='word_1_124' title='bbox 1149 1390 1303 1420; x_wconf 82' lang='lat' dir='ltr'>recens</span> <span class='ocrx_word' id='word_1_125' title='bbox 1323 1373 1426 1421; x_wconf 74' lang='lat' dir='ltr'>sub·-</span> 
     </span>
     <span class='ocr_line' id='line_1_18' title="bbox 143 1443 1425 1508; baseline 0.002 -18"><span class='ocrx_word' id='word_1_126' title='bbox 143 1443 371 1490; x_wconf 88' lang='lat' dir='ltr'>trahemus</span> <span class='ocrx_word' id='word_1_127' title='bbox 404 1443 686 1506; x_wconf 75' lang='lat' dir='ltr'>exemplum,</span> <span class='ocrx_word' id='word_1_128' title='bbox 706 1444 752 1490; x_wconf 93' lang='lat' dir='ltr'>in</span> <span class='ocrx_word' id='word_1_129' title='bbox 773 1445 1023 1490; x_wconf 84' lang='lat' dir='ltr'>Treverico</span> <span class='ocrx_word' id='word_1_130' title='bbox 1052 1461 1161 1508; x_wconf 79' lang='lat' dir='ltr'>agro</span> <span class='ocrx_word' id='word_1_131' title='bbox 1190 1447 1325 1492; x_wconf 78' lang='lat' dir='ltr'>tertio</span> <span class='ocrx_word' id='word_1_132' title='bbox 1346 1464 1425 1492; x_wconf 53' lang='lat' dir='ltr'>an&lt;-</span> 
     </span>
     <span class='ocr_line' id='line_1_19' title="bbox 146 1517 1427 1583; baseline 0.002 -19"><span class='ocrx_word' id='word_1_133' title='bbox 146 1529 190 1564; x_wconf 88' lang='lat' dir='ltr'>te</span> <span class='ocrx_word' id='word_1_134' title='bbox 214 1517 333 1563; x_wconf 89' lang='lat' dir='ltr'>hunc</span> <span class='ocrx_word' id='word_1_135' title='bbox 357 1534 528 1563; x_wconf 90' lang='lat' dir='ltr'>annum</span> <span class='ocrx_word' id='word_1_136' title='bbox 552 1530 849 1580; x_wconf 88' lang='lat' dir='ltr'>compertum.</span> <span class='ocrx_word' id='word_1_137' title='bbox 881 1518 996 1564; x_wconf 86' lang='lat' dir='ltr'>Nam</span> <span class='ocrx_word' id='word_1_138' title='bbox 1019 1535 1122 1564; x_wconf 90' lang='lat' dir='ltr'>cum</span> <span class='ocrx_word' id='word_1_139' title='bbox 1139 1518 1286 1566; x_wconf 85' lang='lat' dir='ltr'>hieme</span> <span class='ocrx_word' id='word_1_140' title='bbox 1312 1539 1427 1583; x_wconf 85' lang='lat' dir='ltr'>prae-</span> 
     </span>
     <span class='ocr_line' id='line_1_20' title="bbox 146 1588 1425 1653; baseline 0.005 -19"><span class='ocrx_word' id='word_1_141' title='bbox 146 1588 290 1653; x_wconf 85' lang='lat' dir='ltr'>gelida</span> <span class='ocrx_word' id='word_1_142' title='bbox 321 1602 462 1651; x_wconf 85' lang='lat' dir='ltr'>captae</span> <span class='ocrx_word' id='word_1_143' title='bbox 490 1588 654 1653; x_wconf 83' lang='lat' dir='ltr'>segetes</span> <span class='ocrx_word' id='word_1_144' title='bbox 681 1589 817 1636; x_wconf 79' lang='lat' dir='ltr'>effent</span> <span class='ocrx_word' id='word_1_145' title='bbox 835 1627 849 1646; x_wconf 87' lang='lat'><strong>‚</strong></span> <span class='ocrx_word' id='word_1_146' title='bbox 880 1589 1165 1650; x_wconf 79' lang='lat' dir='ltr'>reseverunt,</span> <span class='ocrx_word' id='word_1_147' title='bbox 1193 1591 1425 1640; x_wconf 80' lang='lat' dir='ltr'>resarrien-</span> 
     </span>
     <span class='ocr_line' id='line_1_21' title="bbox 145 1661 1426 1727; baseline 0.003 -18"><span class='ocrx_word' id='word_1_148' title='bbox 145 1673 212 1709; x_wconf 87' lang='lat' dir='ltr'>tes</span> <span class='ocrx_word' id='word_1_149' title='bbox 249 1678 432 1725; x_wconf 88' lang='lat' dir='ltr'>campos</span> <span class='ocrx_word' id='word_1_150' title='bbox 470 1661 618 1709; x_wconf 88' lang='lat' dir='ltr'>mense</span> <span class='ocrx_word' id='word_1_151' title='bbox 664 1663 832 1710; x_wconf 81' lang='lat' dir='ltr'>Martio</span> <span class='ocrx_word' id='word_1_152' title='bbox 854 1700 866 1720; x_wconf 95' lang='lat'>,</span> <span class='ocrx_word' id='word_1_153' title='bbox 901 1663 1230 1727; x_wconf 87' lang='lat' dir='ltr'>uberrimasque</span> <span class='ocrx_word' id='word_1_154' title='bbox 1269 1666 1426 1713; x_wconf 72' lang='lat' dir='ltr'>messes</span> 
     </span>
     <span class='ocr_line' id='line_1_22' title="bbox 148 1736 1427 1801; baseline 0 -18"><span class='ocrx_word' id='word_1_155' title='bbox 148 1736 410 1783; x_wconf 86' lang='lat' dir='ltr'>habuerunt.</span> <span class='ocrx_word' id='word_1_156' title='bbox 447 1737 581 1783; x_wconf 87' lang='lat' dir='ltr'>Nunc</span> <span class='ocrx_word' id='word_1_157' title='bbox 611 1736 784 1801; x_wconf 83' lang='lat' dir='ltr'>reliqua</span> <span class='ocrx_word' id='word_1_158' title='bbox 816 1737 990 1784; x_wconf 78' lang='lat' dir='ltr'>cultura</span> <span class='ocrx_word' id='word_1_159' title='bbox 1016 1737 1214 1784; x_wconf 78' lang='lat' dir='ltr'>tradetur</span> <span class='ocrx_word' id='word_1_160' title='bbox 1241 1754 1320 1800; x_wconf 85' lang='lat' dir='ltr'>per</span> <span class='ocrx_word' id='word_1_161' title='bbox 1348 1753 1427 1801; x_wconf 81' lang='lat' dir='ltr'>ge-</span> 
     </span>
     <span class='ocr_line' id='line_1_23' title="bbox 148 1808 484 1872; baseline 0.003 -17"><span class='ocrx_word' id='word_1_162' title='bbox 148 1826 255 1856; x_wconf 88' lang='lat' dir='ltr'>nera</span> <span class='ocrx_word' id='word_1_163' title='bbox 291 1808 484 1872; x_wconf 80' lang='lat' dir='ltr'>frugum.</span> 
     </span>
    </p>

    <p class='ocr_par' dir='ltr' id='par_1_4' title="bbox 150 1883 1427 2533">
     <span class='ocr_line' id='line_1_24' title="bbox 233 1883 1426 1945; baseline 0.001 -16"><span class='ocrx_word' id='word_1_164' title='bbox 233 1885 282 1930; x_wconf 86' lang='lat' dir='ltr'>L.</span> <span class='ocrx_word' id='word_1_165' title='bbox 315 1883 574 1945; x_wconf 83' lang='lat' dir='ltr'>Siliginem‚</span> <span class='ocrx_word' id='word_1_166' title='bbox 610 1883 704 1941; x_wconf 82' lang='lat' dir='ltr'>far,</span> <span class='ocrx_word' id='word_1_167' title='bbox 736 1883 964 1941; x_wconf 80' lang='lat' dir='ltr'>triticum,</span> <span class='ocrx_word' id='word_1_168' title='bbox 993 1883 1164 1942; x_wconf 73' lang='lat' dir='ltr'>semen,</span> <span class='ocrx_word' id='word_1_169' title='bbox 1200 1883 1426 1931; x_wconf 85' lang='lat' dir='ltr'>hordeum</span> 
     </span>
     <span class='ocr_line' id='line_1_25' title="bbox 150 1955 1425 2021; baseline 0.002 -19"><span class='ocrx_word' id='word_1_170' title='bbox 150 1968 314 2004; x_wconf 88' lang='lat' dir='ltr'>occato</span> <span class='ocrx_word' id='word_1_171' title='bbox 332 1992 345 2014; x_wconf 88' lang='lat'>,</span> <span class='ocrx_word' id='word_1_172' title='bbox 372 1955 527 2002; x_wconf 90' lang='lat' dir='ltr'>sarrito</span> <span class='ocrx_word' id='word_1_173' title='bbox 547 1991 561 2015; x_wconf 83' lang='lat'>‚</span> <span class='ocrx_word' id='word_1_174' title='bbox 593 1969 783 2003; x_wconf 88' lang='lat' dir='ltr'>runcato</span> <span class='ocrx_word' id='word_1_175' title='bbox 798 1993 814 2014; x_wconf 86' lang='lat'><em>‚</em></span> <span class='ocrx_word' id='word_1_176' title='bbox 848 1957 1011 2021; x_wconf 85' lang='lat' dir='ltr'>quibus</span> <span class='ocrx_word' id='word_1_177' title='bbox 1037 1955 1200 2003; x_wconf 61' lang='lat' dir='ltr'>dictum</span> <span class='ocrx_word' id='word_1_178' title='bbox 1225 1958 1308 2004; x_wconf 85' lang='lat' dir='ltr'>erit</span> <span class='ocrx_word' id='word_1_179' title='bbox 1329 1959 1425 2004; x_wconf 79' lang='lat' dir='ltr'>die-</span> 
     </span>
     <span class='ocr_line' id='line_1_26' title="bbox 151 2027 1427 2092; baseline 0.001 -18"><span class='ocrx_word' id='word_1_180' title='bbox 151 2029 250 2075; x_wconf 82' lang='lat' dir='ltr'>bus.</span> <span class='ocrx_word' id='word_1_181' title='bbox 286 2027 478 2091; x_wconf 82' lang='lat' dir='ltr'>Singulae</span> <span class='ocrx_word' id='word_1_182' title='bbox 506 2045 655 2090; x_wconf 83' lang='lat' dir='ltr'>operae</span> <span class='ocrx_word' id='word_1_183' title='bbox 685 2031 849 2092; x_wconf 82' lang='lat' dir='ltr'>cuique</span> <span class='ocrx_word' id='word_1_184' title='bbox 877 2028 1028 2092; x_wconf 80' lang='lat' dir='ltr'>generi</span> <span class='ocrx_word' id='word_1_185' title='bbox 1047 2029 1091 2077; x_wconf 86' lang='lat' dir='ltr'>in</span> <span class='ocrx_word' id='word_1_186' title='bbox 1123 2027 1280 2092; x_wconf 80' lang='lat' dir='ltr'>jugero</span> <span class='ocrx_word' id='word_1_187' title='bbox 1305 2029 1427 2075; x_wconf 81' lang='lat' dir='ltr'>suffi-</span> 
     </span>
     <span class='ocr_line' id='line_1_27' title="bbox 153 2101 1426 2165; baseline 0.001 -17"><span class='ocrx_word' id='word_1_188' title='bbox 153 2102 284 2149; x_wconf 82' lang='lat' dir='ltr'>cient.</span> <span class='ocrx_word' id='word_1_189' title='bbox 319 2101 562 2148; x_wconf 89' lang='lat' dir='ltr'>Sarculatio</span> <span class='ocrx_word' id='word_1_190' title='bbox 591 2102 838 2148; x_wconf 87' lang='lat' dir='ltr'>induratam</span> <span class='ocrx_word' id='word_1_191' title='bbox 859 2102 1049 2149; x_wconf 84' lang='lat' dir='ltr'>hiberno</span> <span class='ocrx_word' id='word_1_192' title='bbox 1068 2102 1216 2165; x_wconf 76' lang='lat' dir='ltr'>rigore</span> <span class='ocrx_word' id='word_1_193' title='bbox 1242 2102 1326 2149; x_wconf 83' lang='lat' dir='ltr'>soli</span> <span class='ocrx_word' id='word_1_194' title='bbox 1343 2104 1426 2149; x_wconf 79' lang='lat' dir='ltr'>tri-</span> 
     </span>
     <span class='ocr_line' id='line_1_28' title="bbox 153 2175 1427 2240; baseline 0.001 -19"><span class='ocrx_word' id='word_1_195' title='bbox 153 2175 314 2222; x_wconf 85' lang='lat' dir='ltr'>stitiam</span> <span class='ocrx_word' id='word_1_196' title='bbox 349 2177 467 2223; x_wconf 79' lang='lat' dir='ltr'>laxat</span> <span class='ocrx_word' id='word_1_197' title='bbox 504 2177 782 2239; x_wconf 82' lang='lat' dir='ltr'>temporibus</span> <span class='ocrx_word' id='word_1_198' title='bbox 817 2178 1001 2236; x_wconf 79' lang='lat' dir='ltr'>vernis,</span> <span class='ocrx_word' id='word_1_199' title='bbox 1035 2175 1273 2240; x_wconf 73' lang='lat' dir='ltr'>novosque</span> <span class='ocrx_word' id='word_1_200' title='bbox 1301 2177 1427 2223; x_wconf 52' lang='lat' dir='ltr'>Soles*&gt;</span> 
     </span>
     <span class='ocr_line' id='line_1_29' title="bbox 153 2247 1427 2308; baseline 0.002 -14"><span class='ocrx_word' id='word_1_201' title='bbox 153 2247 357 2295; x_wconf 84' lang='lat' dir='ltr'>admittit.</span> <span class='ocrx_word' id='word_1_202' title='bbox 395 2249 491 2308; x_wconf 80' lang='lat' dir='ltr'>Qui</span> <span class='ocrx_word' id='word_1_203' title='bbox 530 2248 708 2307; x_wconf 85' lang='lat' dir='ltr'>sarriet,</span> <span class='ocrx_word' id='word_1_204' title='bbox 739 2265 894 2297; x_wconf 81' lang='lat' dir='ltr'>caveat</span> <span class='ocrx_word' id='word_1_205' title='bbox 921 2267 976 2297; x_wconf 88' lang='lat' dir='ltr'>ne</span> <span class='ocrx_word' id='word_1_206' title='bbox 1010 2250 1221 2297; x_wconf 81' lang='lat' dir='ltr'>frumenti</span> <span class='ocrx_word' id='word_1_207' title='bbox 1257 2251 1427 2297; x_wconf 77' lang='lat' dir='ltr'>radices</span> 
     </span>
     <span class='ocr_line' id='line_1_30' title="bbox 154 2319 1427 2382; baseline 0.004 -16"><span class='ocrx_word' id='word_1_208' title='bbox 154 2319 373 2367; x_wconf 86' lang='lat' dir='ltr'>suffodiat.</span> <span class='ocrx_word' id='word_1_209' title='bbox 411 2321 631 2368; x_wconf 80' lang='lat' dir='ltr'>Triticum</span> <span class='ocrx_word' id='word_1_210' title='bbox 650 2359 665 2380; x_wconf 92' lang='lat'><strong><em>,</em></strong></span> <span class='ocrx_word' id='word_1_211' title='bbox 695 2323 941 2381; x_wconf 78' lang='lat' dir='ltr'>hordeum,</span> <span class='ocrx_word' id='word_1_212' title='bbox 975 2323 1148 2382; x_wconf 75' lang='lat' dir='ltr'>semen,</span> <span class='ocrx_word' id='word_1_213' title='bbox 1176 2322 1322 2369; x_wconf 79' lang='lat' dir='ltr'>fabam</span> <span class='ocrx_word' id='word_1_214' title='bbox 1359 2324 1427 2371; x_wconf 75' lang='lat' dir='ltr'>bis</span> 
     </span>
     <span class='ocr_line' id='line_1_31' title="bbox 156 2392 1422 2461; baseline 0.002 -21"><span class='ocrx_word' id='word_1_215' title='bbox 156 2392 308 2440; x_wconf 81' lang='lat' dir='ltr'>sarrire</span> <span class='ocrx_word' id='word_1_216' title='bbox 331 2393 500 2440; x_wconf 69' lang='lat' dir='ltr'>melius.</span> <span class='ocrx_word' id='word_1_217' title='bbox 533 2396 783 2454; x_wconf 78' lang='lat' dir='ltr'>Runcatio,</span> <span class='ocrx_word' id='word_1_218' title='bbox 808 2414 913 2442; x_wconf 85' lang='lat' dir='ltr'>cum-</span> <span class='ocrx_word' id='word_1_219' title='bbox 929 2396 1046 2461; x_wconf 80' lang='lat' dir='ltr'>seges</span> <span class='ocrx_word' id='word_1_220' title='bbox 1065 2398 1109 2443; x_wconf 88' lang='lat' dir='ltr'>in</span> <span class='ocrx_word' id='word_1_221' title='bbox 1129 2395 1321 2443; x_wconf 75' lang='lat' dir='ltr'>articulo</span> <span class='ocrx_word' id='word_1_222' title='bbox 1341 2397 1422 2455; x_wconf 82' lang='lat' dir='ltr'>est,</span> 
     </span>
     <span class='ocr_line' id='line_1_32' title="bbox 157 2465 1424 2533; baseline 0.002 -20"><span class='ocrx_word' id='word_1_223' title='bbox 157 2466 319 2514; x_wconf 84' lang='lat' dir='ltr'>evulfis</span> <span class='ocrx_word' id='word_1_224' title='bbox 356 2465 583 2513; x_wconf 82' lang='lat' dir='ltr'>inutilibus</span> <span class='ocrx_word' id='word_1_225' title='bbox 618 2466 793 2527; x_wconf 80' lang='lat' dir='ltr'>herbis,</span> <span class='ocrx_word' id='word_1_226' title='bbox 829 2468 1006 2533; x_wconf 81' lang='lat' dir='ltr'>frugum</span> <span class='ocrx_word' id='word_1_227' title='bbox 1038 2470 1230 2516; x_wconf 81' lang='lat' dir='ltr'>radicem</span> <span class='ocrx_word' id='word_1_228' title='bbox 1272 2468 1424 2517; x_wconf 81' lang='lat' dir='ltr'>vindi-</span> 
     </span>
    </p>
   </div>
   <div class='ocr_carea' id='block_1_3' title="bbox 328 2640 356 2674">
    <p class='ocr_par' dir='ltr' id='par_1_5' title="bbox 328 2640 356 2674">
     <span class='ocr_line' id='line_1_33' title="bbox 328 2640 356 2674; baseline 0 0"><span class='ocrx_word' id='word_1_229' title='bbox 328 2640 356 2674; x_wconf 67' lang='grc' dir='ltr'>Ῥ</span> 
     </span>
    </p>
   </div>
  </div>
 </body>
</html>
