1653 2797
215 175 313 224 304
488 153 842 209 omium
897 152 1268 202 saeuum

217 269 290 314 Sic
322 264 491 313 bibitur
519 264 570 310 &3
598 261 653 309 ad
678 260 872 324 pectoris
896 260 1108 320 dolores,
1137 260 1416 327 laterumque
1447 264 1500 312 δε

215 340 478 386 lumborum
498 373 511 394 ,
537 335 666 382 tuffes
687 370 701 394 ,
733 333 916 397 suspiria
947 351 958 381 t
989 333 1260 396 pulmonum
1279 371 1294 394 ,
1321 335 1501 398 jocine-

215 430 318 458 rum
338 448 351 469 .,
378 427 535 456 renum
562 408 675 454 vitia
694 443 707 466 ‚
731 408 945 455 horrores
974 407 1181 470 frigidos..
1208 409 1280 455 Ad
1304 409 1501 472 crapulae

216 482 486 548 gravedines
510 480 824 543 decoquuntur
856 478 966 525 folia
996 480 1185 541 poturis.
1226 483 1283 527 Et
1314 481 1362 527 in
1394 481 1501 528 cibo

216 557 294 604 vel
330 555 499 613 cruda,
540 553 618 600 vel
649 553 835 599 decOEla
863 551 1107 599 conditave
1144 553 1338 617 prodest.
1389 557 1502 602 Item

217 629 491 676 torminibus
518 627 564 672 in
593 625 791 690 hyss'opo
821 625 1006 671 decofiia
1024 661 1038 683 ‚
1066 626 1116 672 &
1140 643 1245 673 cum
1270 627 1400 674 vino.
1426 627 1500 674 Sic

218 705 271 750 &
305 701 561 765 sanguinem
594 698 700 744 sistit
730 698 992 744 interiorem
1013 734 1027 756 ‚
1050 699 1099 745 &
1135 699 1307 748 narium
1333 699 1500 748 indita:

214 777 277 826 :sic
313 777 362 821 ὃς
395 773 575 821 collutis
612 768 820 816 dentibus
852 771 1046 834 prodest.
1083 772 1278 819 Auribus
1315 789 1500 836 quoque

217 849 262 895 in
287 848 448 894 dolore
469 845 622 892 succus
643 843 916 903 infunditur,
938 844 1165 916 custodito
1183 880 1196 904 ‚
1214 857 1266 892 ut
1285 845 1500 904 diximus,

217 921 360 968 modo
386 957 399 978 ‚
432 920 477 965 in
503 917 704 966 silvestri.
741 918 917 964 Contra
950 917 1197 964 tarditatem
1225 935 1339 965 vero
1374 917 1500 965 soni-

219 1007 431 1058 tumque,
454 1010 560 1039 cum
590 990 776 1038 rosaceo
797 1026 810 1049 ,
833 991 909 1037 vel
943 1008 1045 1038 cum
1079 991 1236 1038 laureo
1265 991 1397 1050 oleo,
1424 1003 1501 1039 aut

219 1069 406 1116 cumino
439 1068 489 1113 &
523 1065 668 1112 melle„
708 1066 874 1112 Succus
902 1066 953 1112 &
979 1064 1251 1128 phreneticis
1282 1081 1340 1111 ex
1367 1077 1500 1113 aceto

218 1144 336 1189 tritae
368 1140 603 1187 instillatur
632 1141 679 1185 in
708 1155 916 1202 tempora
950 1139 1001 1184 &
1028 1137 1274 1184 cerebrum.
1308 1137 1500 1200 Adjece-

218 1232 324 1261 runt
347 1213 486 1278 aliqui
513 1216 562 1261 ὃς
582 1211 827 1277 serpyllum
843 1247 856 1269 ‚
881 1211 931 1258 &
949 1210 1120 1257 laurum
1138 1247 1152 1270 ‚
1179 1210 1402 1257 illinentes
1423 1227 1500 1258 ca—

219 1288 311 1351 pita
333 1324 346 1345 ,
378 1289 427 1334 &
468 1286 599 1333 colla.
636 1285 873 1332 Dederunt
911 1285 961 1332 ὅ(
992 1282 1245 1346 lethargicis
1279 1300 1337 1329 ex
1367 1295 1500 1331 aceto

219 1360 538 1408 olfaciendum.
574 1359 812 1405 Dederunt
846 1358 896 1404 &
927 1356 1229 1404 comitialibus
1257 1356 1501 1404 bibendum

219 1435 415 1481 deecclae
444 1433 624 1480 succum
650 1432 697 1478 in
719 1430 893 1496 cyathis
924 1441 1122 1495 quatuor
1145 1442 1252 1477 ante
1286 1429 1501 1477 acceffio-

219 1523 299 1553 nes
315 1543 329 1563 ,
347 1522 537 1568 quarum
563 1505 701 1567 frigus
719 1503 1001 1550 intolerabile
1019 1503 1080 1549 est
1100 1521 1112 1549 ε
1132 1502 1382 1566 alfiofisque
1398 1519 1500 1549 cru-

219 1581 323 1626 dam
352 1578 400 1624 in
422 1578 540 1625 cibo.
566 1577 755 1622 Urinam
782 1592 964 1638 quoque
994 1576 1071 1622 vel
1100 1587 1330 1622 cruentam
1358 1575 1499 1639 pellit.

220 1653 504 1701 Feminarum
530 1651 660 1696 etiam
680 1649 964 1712 purgationes
984 1683 997 1706 ,
1020 1647 1343 1712 secundasque,
1367 1649 1501 1695 etiam

219 1738 455 1773 emortuos
487 1734 637 1785 partus
654 1757 667 1778 ,
689 1734 738 1767 ut
768 1720 1035 1783 Hippocrati
1068 1720 1250 1768 videtur
1267 1758 1281 1780 ‚
1301 1739 1358 1768 ex
1385 1721 1500 1768 vino

220 1800 345 1847 dulci
369 1798 502 1861 nigro
531 1808 655 1861 pota.
678 1797 830 1858 Itaque
855 1794 1011 1840 illitam
1038 1795 1092 1841 &
1110 1794 1353 1841 vulvarum
1375 1793 1502 1840 causa

219 1876 355 1921 etiam
374 1872 521 1919 suffire
544 1869 681 1932 jubet.
704 1867 895 1916 Diocles
925 1869 975 1917 &
999 1867 1210 1915 cardiacis
1231 1867 1427 1931 imponit
1445 1884 1502 1914 ex

221 1959 351 1995 aceto
388 1949 437 1994 &
471 1945 604 1991 melle
639 1961 740 1990 cum
769 1943 909 1990 farina
955 1944 1213 1990 hordeacea.
1253 1945 1310 1990 Et
1339 1955 1501 1991 contra

221 2021 358 2066 ileum
399 2019 584 2065 decocia
617 2017 760 2065 farina
795 2018 841 2063 in
876 2017 983 2064 oleo
1002 2053 1016 2075 ,
1046 2019 1097 2064 δέ
1126 2015 1370 2063 velleribus
1399 2015 1500 2062 col-

222 2095 347 2141 loeta.
382 2094 517 2140 Multi
546 2110 660 2139 vero
685 2095 733 2140 ἅς
757 2104 915 2139 contra
947 2092 1203 2155 purulentas
1234 2090 1501 2138 exscreatio·

223 2188 301 2217 nes
326 2170 452 2217 siccae
481 2168 714 2214 drachmas
740 2167 845 2212 duas
863 2201 875 2222 ‚
901 2164 1120 2228 sulphuris
1140 2181 1274 2210 unam
1293 2165 1342 2211 &
1365 2163 1500 2209 dimi-

221 2244 340 2289 diam
372 2241 481 2288 sumi
506 2240 685 2287 censent
705 2259 715 2286 :
736 2241 786 2287 &
812 2252 970 2286 contra
999 2249 1201 2285 cruentas
1217 2273 1230 2296 ‚
1249 2254 1395 2284 ramos
1413 2249 1502 2284 tres

223 2317 271 2362 in
294 2317 406 2366 vino
436 2314 660 2360 decocios.
689 2314 846 2362 ‚Datur
870 2314 920 2360 &
936 2311 1226 2375 dysentericis
1253 2328 1353 2359 cum
1373 2310 1500 2360 caseo

224 2389 272 2434 iu
294 2388 407 2434 vino
428 2386 635 2434 contrita.
653 2386 888 2431 Dederunt
910 2387 960 2431 ὃς
983 2401 1083 2430 cum
1110 2382 1499 2430 bitumineinfria-

225 2474 316 2510 tam
342 2461 523 2525 potioni
547 2471 734 2523 propter
765 2457 1022 2505 anhelitum.
1056 2459 1124 2504 Ex
1147 2457 1240 2504 alto
1272 2455 1399 2520 lapfis
1430 2453 1498 2502 se-
