1653 2797
279 156 560 205 NATUR.
597 155 890 203 HISTOR.
925 156 1057 202 LIB.
1095 156 1304 202 XVIII.
1363 154 1446 215 263

245 264 386 311 XLV.
415 263 627 311 Remedia
642 279 798 309 eorum
815 297 828 318 ‚
850 280 1130 325 quaecunque
1158 263 1384 325 pertinent
1401 261 1455 307 ad

176 333 343 383 herbas
360 372 374 393 ‚
395 337 441 382 in
467 335 660 381 sarculo:
679 335 753 391 ὅζ,
774 350 874 379 cum
895 333 1039 379 semen
1064 334 1246 394 jaciatur
1260 371 1275 392 ‚
1295 335 1456 381 cinere.

183 408 303 466 Quae
326 424 440 453 vero
470 407 517 451 in
541 404 703 451 semine
729 407 777 451 ὅ(
805 404 922 450 circa
949 404 1140 451 radicem
1178 405 1422 452 confistunt
1441 441 1455 462 ,

181 479 458 542 praecedente
491 495 599 524 cura
624 493 854 525 caventur.
890 477 1015 523 Vino
1044 493 1143 523 ante
1171 478 1335 525 semina
1357 496 1455 540 per-

181 551 275 598 fusa
299 552 443 599 minus
473 563 690 616 aegrotare
722 550 985 597 existimant.
1023 550 1235 614 Virgilius
1267 554 1387 598 nitro
1408 555 1457 599 &

183 641 363 682 amurca
405 623 614 686 perfundi
646 622 768 685 jubet
798 621 975 668 fabam:
1012 622 1071 668 fic
1103 623 1236 670 etiam
1269 625 1456 687 grande-

178 695 298 742 scere
333 696 570 760 promittit.
607 697 804 757 Quidam
833 711 979 753 vero,
1011 695 1042 741 fi
1070 696 1222 742 triduo
1251 709 1352 743 ante
1388 698 1456 743 saae

178 782 276 817 tum
295 771 425 816 urina
447 772 496 817 ὃς
516 787 628 833 aqua
652 782 900 816 maceretur
914 806 928 828 ‚
953 770 1178 834 praecipue
1204 771 1455 819 adolescere

178 853 355 904 putant.
391 843 483 888 Ter
502 842 681 905 quidem
700 841 899 888 sarritam
919 841 1119 889 modium
1141 842 1288 889 fraciae
1314 860 1336 888 e
1359 860 1456 889 mo-

176 914 259 964 dio
288 913 441 961 solidae
469 915 664 962 reddere.
702 914 891 978 Reliqua
922 913 1088 961 semina
1120 915 1305 977 cupreffi
1334 914 1456 964 foliis

179 985 284 1032 tufis
310 986 342 1031 fi
370 985 637 1032 misceantur
657 1021 670 1043 ‚
708 1003 803 1032 non
830 986 912 1032 effe
944 985 1206 1033 vermiculis
1231 986 1456 1034 obnoxia:

177 1074 263 1117 nec
289 1059 322 1104 fi
351 1058 597 1105 interlunio
618 1058 830 1105 serantur.
865 1059 1000 1106 Multi
1019 1059 1075 1105 ad
1102 1058 1215 1106 milii
1236 1059 1456 1118 remedia,

177 1131 385 1178 rubetam
402 1131 537 1178 noeru
557 1148 673 1178 arvo
692 1130 970 1178 circumferri
986 1129 1142 1191 jubent
1154 1166 1168 1190 ‚
1187 1131 1308 1194 prius
1326 1147 1458 1193 quam

178 1203 384 1251 sarriatur
402 1240 416 1262 ‚
439 1204 678 1267 defodique
710 1204 758 1250 in
786 1204 935 1250 medio
968 1204 1182 1251 inclusam
1214 1203 1317 1250 vase
1344 1203 1458 1251 fiffl-

180 1276 212 1322 li
233 1295 247 1323 τ
283 1277 347 1324 ita
387 1294 471 1324 nec
513 1277 756 1340 pafferern,
792 1294 875 1323 nec
911 1293 1089 1323 vermes
1139 1293 1336 1324 nocere:
1385 1277 1457 1323 sed

179 1351 423 1398 eruendam
463 1351 588 1413 prius
623 1368 755 1414 quam
787 1363 980 1397 metatur
999 1387 1014 1409 ‚
1049 1351 1220 1414 alioqui
1261 1369 1457 1398 amarum

179 1421 288 1469 fieri.
329 1423 455 1484 Quin
488 1425 537 1471 &
574 1441 699 1470 armo
736 1423 866 1485 talpae
903 1424 1106 1470 conta&a
1139 1422 1307 1469 semina
1345 1424 1456 1469 uben

180 1495 303 1541 riora
330 1495 428 1542 effe.
475 1496 772 1543 Democritus
799 1494 936 1541 succo
968 1495 1146 1552 herbae,
1172 1513 1272 1558 quae
1305 1496 1459 1557 appel·

180 1567 295 1613 latur
320 1568 483 1614 aizoon
504 1604 519 1626 ‚
549 1568 597 1614 in
621 1568 786 1632 tegulis.
813 1568 999 1615 nascens
1028 1567 1251 1614 tabulisve
1269 1605 1282 1627 ‚
1304 1569 1459 1615 Latine

180 1658 293 1687 vero
328 1641 511 1699 sedum,
546 1657 623 1688 aut
663 1641 939 1706 digitellum‚
970 1642 1187 1688 medicata
1224 1640 1307 1687 seri
1332 1639 1458 1702 jubet

181 1714 335 1760 omnia
363 1713 545 1763 semina.
575 1716 727 1780 Vulgo
753 1732 896 1773 vero,
918 1716 948 1762 fi
975 1716 1171 1763 dulcedo
1200 1731 1359 1762 noceat
1375 1751 1388 1773 ,
1410 1718 1459 1763 ἃ

183 1803 358 1834 vermes
377 1786 600 1834 radicibus
619 1789 888 1846 inhaereant,
907 1789 1149 1835 remedium
1171 1787 1230 1834 est
1244 1823 1259 1846 ‚
1279 1805 1459 1835 amurca

181 1875 320 1920 pura,
355 1876 405 1905 ac
435 1859 525 1905 fine
557 1860 643 1907 sale
675 1860 898 1925 spargere,
931 1861 1089 1908 deinde
1121 1860 1307 1907 sarrire:
1348 1860 1378 1906 si
1412 1862 1457 1906 in

181 1930 418 1977 articulum*
451 1930 573 1995 seges.
601 1934 666 1981 ire
699 1933 919 1995 coeperit,
956 1950 1177 1991 runcare,
1213 1949 1269 1979 ne
1306 1933 1456 1979 herbae

180 2004 383 2049 vincant.
430 2004 597 2051 Pestem
621 2023 645 2052 a
675 2007 802 2054 milio
827 2021 957 2069 atque
981 2008 1146 2070 panico
1169 2043 1181 2064 ,
1203 2005 1457 2052 sturnorum

181 2076 456 2140 pafferumve
495 2077 696 2140 agmina,
731 2078 821 2126 scio
853 2080 971 2143 abigi
1000 2080 1168 2136 herba,
1204 2077 1329 2139 cujus
1369 2094 1456 2124 no-

182 2168 285 2197 men
315 2151 520 2214 ignotum
555 2151 616 2198 est
634 2189 650 2210 ,
678 2152 723 2198 in
749 2165 945 2215 quatuor
977 2154 1156 2217 angulis
1188 2154 1343 2217 segetis
1382 2154 1461 2198 de-

182 2224 322 2271 fossa:
355 2225 516 2271 mirum
547 2225 697 2272 diem:
723 2242 774 2272 ut
801 2227 993 2272 omnino
1024 2226 1145 2274 nulla
1180 2227 1275 2273 avis
1312 2228 1460 2272 intret.

182 2299 330 2344 Mures
363 2298 598 2361 abiguntur
627 2299 775 2346 cinere
799 2299 994 2346 mustelae
1010 2336 1029 2358 ‚.
1053 2301 1130 2347 vel
1163 2299 1259 2346 felis
1289 2299 1457 2357 diluto,

181 2372 232 2419 ,δε
258 2369 420 2416 semine
452 2369 600 2432 sparso
636 2372 712 2418 vel
741 2372 1019 2419 decoerarum
1044 2391 1172 2437 aqua.
1204 2373 1288 2419 Sed
1324 2373 1458 2419 redo-

187 2443 246 2490 let
281 2443 408 2491 virus
436 2444 696 2494 animalium
723 2463 882 2516 eorum
909 2448 1043 2494 etiam
1077 2448 1122 2493 in
1148 2463 1274 2510 pane.
1309 2447 1384 2492 Ob
1402 2447 1461 2513 ,id

1104 2521 1144 2566 R
1182 2539 1212 2579 4
