1653 2797
207 223 296 253 φοι
461 202 1237 250 C.PL1N115ECUND1

199 315 424 363 Kalendas
454 313 643 359 Haedos.
691 311 828 358 Sexto
867 312 1026 358 Nonas
1060 311 1274 358 Oflobris
1312 310 1475 360 Atticae

199 390 392 432 Corona
410 385 616 431 exoritur
645 400 789 430 mane.
813 383 925 429 Asiae
946 386 995 430 &
1017 383 1177 430 Caesari
1203 345 1478 432 vlzalendas

196 458 461 505 Heniochus
482 456 650 504 occidit
676 456 911 503 matutino.
944 456 1105 503 Tertio
1129 456 1353 503 Kalendas
1372 457 1479 503 Cae-

196 531 282 577 sari
307 532 498 578 Corona
523 529 695 576 exoriri
722 528 910 590 incipit:
946 531 995 575 ὃς
1017 528 1230 592 postridie
1265 529 1483 578 occidunt

196 604 339 652 Hoedi
370 604 559 668 vesperi.
592 618 686 649 vm
721 603 822 648 Idus
859 603 1074 650 Octobris
1109 602 1271 650 Caesari
1304 603 1480 668 fulgens

194 679 244 725 in
262 681 453 726 Corona
470 678 592 724 stella
613 677 769 723 oritur.
806 678 862 721 Et
883 690 940 721 111
963 675 1062 723 Idus
1081 676 1291 740 Vergiliae
1318 677 1480 741 vespe-

194 753 249 799 ri.
286 753 435 799 Idibus
471 752 661 797 Corona
691 760 802 795 tota.
847 750 987 806 Sexto
1013 748 1238 795 Kalendas
1270 751 1480 798 Novem-

193 824 285 872 bris
315 824 487 871 Suculae
517 821 690 883 vesperi
732 820 1016 867 exoriuntur.
1065 821 1211 868 Pridie
1253 823 1480 872 Kalendas

191 899 355 946 Caesari
395 899 606 943 Aresturus
649 895 855 941 occidit:
903 897 954 943 ὅ(
997 895 1170 943 Suculae
1208 897 1477 945 exoriuntur

194 990 296 1020 cum
320 971 438 1017 Sole.
473 970 655 1029 Quarto
678 968 836 1015 Nonas
857 969 1074 1016 Arfihirus
1093 969 1265 1018 occidit
1287 971 1477 1034 vesperi.

194 1046 372 1106 Quinto
403 1042 504 1088 Idus
536 1041 814 1087 Novembris
846 1042 1018 1105 gladius
1043 1043 1233 1089 Orionis
1267 1044 1475 1090 occidere

190 1116 367 1179 incipit.
403 1113 584 1162 Deinde
614 1128 671 1158 ΙΙΙ
693 1113 792 1160 Idus
815 1115 1023 1178 Vergiliae
1043 1116 1272 1162 occidunt.

257 1193 307 1237 In
339 1190 407 1236 his
435 1200 691 1250 temporum
714 1187 962 1235 intervallis
997 1206 1137 1251 opera
1165 1189 1327 1236 rustica
1345 1226 1362 1248 ,
1392 1207 1475 1237 na-

192 1278 275 1325 pos
290 1298 304 1321 ,
325 1261 549 1324 raphanos
569 1259 710 1306 serere
724 1295 738 1317 ‚
769 1259 933 1324 quibus
954 1261 1108 1308 diebus
1129 1262 1337 1310 diximus,
1359 1264 1476 1310 Vul-

190 1354 270 1400 gus
313 1335 478 1400 agreste
511 1336 561 1382 ἅτ
598 1350 705 1396 rapa
742 1333 842 1396 post
875 1335 1067 1381 ciconiae
1101 1335 1327 1383 disceffum
1360 1337 1473 1384 male

189 1409 272 1456 seri
303 1422 441 1472 putat.
472 1409 571 1457 Nos
602 1407 797 1454 omnino
824 1408 923 1470 post
952 1409 1248 1467 Vulcanalia,
1277 1412 1328 1458 &
1357 1427 1473 1473 prae-

191 1485 321 1532 cocia
351 1503 455 1531 cum
486 1482 663 1545 panico.
702 1484 741 1528 A
776 1482 987 1530 Fidiculae
1024 1496 1170 1530 autem
1202 1484 1364 1531 occasu
1397 1483 1471 1532 vi-

189 1559 332 1615 ciam,
368 1555 591 1613 faseolos‚
627 1553 870 1616 pabulum:
906 1556 996 1602 hoc
1031 1557 1184 1603 silente
1216 1559 1345 1604 Luna
1387 1556 1472 1603 seri

187 1630 358 1695 jubent.
407 1630 464 1674 Et
506 1625 681 1672 frondis
714 1628 1017 1687 praeparandae
1056 1640 1231 1689 tempus
1268 1629 1358 1674 hoc
1392 1627 1468 1674 est.

189 1706 322 1750 Unus
359 1699 595 1746 frondator
625 1709 820 1760 quatuor
849 1696 1098 1744 frondarias
1134 1697 1306 1745 fiscinas
1337 1715 1467 1746 com-

188 1775 311 1838 plere
331 1772 378 1818 in
408 1770 477 1817 die
496 1769 658 1832 justum
682 1768 823 1815 habet.
851 1770 896 1814 Si
916 1770 1193 1817 decrescente
1211 1773 1335 1818 Luna
1355 1788 1467 1834 prae-

188 1859 371 1909 paretur
389 1880 403 1903 ‚
423 1861 518 1890 non
534 1841 757 1905 putrescit.
776 1842 960 1888 Aridam
980 1843 1133 1906 colligi
1152 1860 1246 1890 non
1267 1856 1466 1906 oportet.

254 1918 539 1965 Vindemiam
575 1910 745 1980 antiqui
776 1934 1005 1981 nunquam
1035 1916 1344 1980 existimavere
1374 1935 1467 1964 ma·-

189 2007 334 2041 turam
369 2004 471 2039 ante
502 1990 852 2055 aequinoffium:
886 1991 972 2054 jam
1000 1991 1152 2054 parlim
1179 1992 1275 2055 rapi
1311 2009 1467 2040 cerno.

190 2067 503 2127 Quamobrem
535 2066 584 2113 &
615 2063 747 2126 hujus
781 2075 984 2127 tempora
1025 2065 1146 2111 notis
1176 2064 1467 2128 argumentis-

189 2158 278 2206 que
301 2141 541 2204 signentur.
574 2141 710 2202 Leges
738 2139 798 2185 ita
822 2139 863 2185 se
884 2138 1075 2185 habent:
1099 2141 1248 2187 Uvam
1276 2139 1464 2186 calidam

189 2231 247 2262 ne
275 2213 414 2278 legito
433 2248 447 2271 ‚
480 2212 570 2258 hoc
597 2211 658 2257 est
678 2249 690 2271 ‚
720 2212 766 2258 in
792 2212 884 2275 ejus
905 2213 1123 2270 siccitate,
1149 2230 1200 2259 ac
1220 2213 1299 2259 nisi
1320 2214 1464 2260 imber

189 2285 498 2335 intervenerit.
534 2287 662 2331 Hanc
693 2302 748 2331 ne
768 2285 906 2349 legito
932 2285 1238 2344 rorulentam,
1260 2286 1356 2332 ’hoc
1374 2285 1460 2344 est,

189 2361 220 2407 fi
250 2377 328 2407 ros
346 2360 592 2407 nocturnus
620 2358 778 2416 fuerit3
812 2376 895 2405 nec
927 2358 1048 2421 prius
1066 2395 1078 2416 ,
1093 2375 1225 2422 quam
1243 2359 1349 2407 Sole
1371 2357 1458 2404 dis-

190 2433 398 2482 cutiatur.
447 2431 734 2478 Vindemiare
767 2431 985 2494 incipito,
1016 2448 1116 2478 cum
1150 2432 1202 2478 ad
1231 2430 1456 2495 palmitem

189 2506 422 2571 pampinus
450 2505 746 2569 procumbere
779 2505 970 2569 coeperit
988 2540 1002 2563 ‚
1036 2516 1110 2551 aut
1139 2521 1242 2552 cum
1275 2513 1454 2550 exemto
