1653 2797
310 129 587 178 NATUR.
624 126 947 191 Hisroa.
983 129 1115 177 Lm.
1153 128 1272 177 xx.
1375 146 1480 193 407

173 237 300 288 datis.
315 242 430 287 Item
449 237 709 303 sanguinem
727 236 1064 287 exscreantibus
1082 238 1129 285 in
1150 237 1475 289 sorbitionenn

174 313 371 361 Hulcera
390 314 438 360 in
458 313 603 376 capite
621 310 862 358 infantium
883 300 995 359 mire
1013 312 1147 359 sanat.
1167 310 1364 358 Arterias
1383 311 1478 358 hu·-

175 385 317 434 midas
349 386 515 443 siccat,
544 384 680 433 ficcas
711 383 960 448 adstringit.
1008 385 1196 433 Pituitas
1231 397 1481 448 corruptas

173 470 338 523 purgat
354 459 406 504 in
423 457 569 504 mulso
590 458 640 504 &
660 474 789 520 aqua.
809 458 852 502 V
855 457 931 503 oci
949 456 1104 504 succus
1123 456 1203 504 sub
1224 456 1472 505 certamine

174 531 297 578 utilis
319 530 552 578 dumtaxat
569 566 584 589 ‚
609 530 689 594 qui
713 531 764 578 &
793 530 1094 594 gargarizatur
1117 548 1210 578 uva
1235 542 1436 578 tumente
1452 566 1470 590 ,

175 604 347 667 adjeC'ta
367 617 466 651 ruta
493 606 544 652 &
566 604 809 651 coriandro
835 621 893 651 ex
918 604 1041 652 laete.
1070 604 1208 651 Utilis
1234 607 1285 652 &
1309 617 1477 652 contra.

174 678 377 725 tonsillas
406 695 510 726 cum
546 679 770 726 alumine:
805 679 971 744 linguae
999 678 1163 742 asperae
1193 695 1297 725 cum
1321 679 1471 726 melle.

174 753 249 800 Ad
275 752 495 800 convulsa
515 752 634 800 intus
660 769 741 816 per
759 751 801 799 fe
818 789 832 808 ,
851 751 1065 816 vitiisque
1086 752 1331 814 pulmonis.
1371 752 1473 798 Sin-

174 826 326 890 gultus
357 828 408 875 &
436 827 721 874 vomitiones
753 826 860 873 fistit
891 828 993 873 cuin
1027 825 1164 874 succo
1192 826 1396 889 granati,
1420 822 1494 873 ut'

174 901 475 948 Democritus
499 899 727 947 monstrat.
749 898 960 947 Recentis
987 897 1143 945 succus
1161 899 1337 945 narium
1355 898 1476 946 vitia-

175 971 332 1036 spiritu
358 972 598 1020 subdubius
631 972 852 1020 emendat.
891 972 984 1036 Ipsa
1017 971 1121 1018 trita
1148 971 1354 1019 choleras
1374 1007 1388 1030 ‚
1422 972 1471 1019 in

176 1057 309 1093 aceto
330 1046 514 1110 quidem
532 1057 657 1109 pota.
675 1046 911 1110 Sanguinis
931 1045 1158 1093 fluxiones
1178 1045 1313 1091 intus.
1329 1045 1470 1092 Ileum

175 1120 311 1167 etiam
335 1118 545 1182 imposita
566 1135 670 1166 cum
690 1119 877 1182 polenta
896 1137 906 1166 :
927 1121 978 1167 &
995 1118 1028 1165 fi
1046 1134 1251 1165 mammae
1276 1119 1470 1166 tendan-

177 1206 265 1241 tur.
293 1194 488 1241 Illinitur
507 1195 557 1242 &
576 1194 859 1257 temporibus
879 1194 927 1240 in
946 1193 1103 1256 capitis
1122 1192 1305 1240 dolore,
1326 1193 1470 1241 Sinni-²

177 1279 252 1315 tur
272 1269 322 1316 &
339 1279 502 1315 contra
525 1268 847 1331 scolopendras
861 1303 874 1326 ,
894 1269 946 1315 &
964 1267 1227 1331 scorpiones
1245 1267 1441 1315 marinos
1457 1303 1471 1325 ,

178 1344 230 1390 &
257 1342 313 1388 ad
339 1341 578 1406 serpentesa
608 1342 851 1406 Epiphoris
872 1342 1092 1400 illinitur,
1118 1343 1169 1389 &
1191 1341 1403 1389 omnibus
1423 1342 1480 1390 in.

177 1408 325 1478 capite
354 1414 703 1478 eruptionibus:
734 1415 842 1467 item
863 1414 974 1462 sedis
993 1414 1131 1462 vitiis.
1167 1414 1473 1478 Intertrigines

175 1505 364 1553 quoque
381 1525 394 1547 ‚
418 1489 496 1537 vel
517 1488 549 1535 fi
571 1500 774 1536 teneatur
792 1501 999 1545 tantum»,
1023 1488 1251 1552 prohibet.
1275 1488 1472 1534 Auribus

176 1579 282 1609 cum
307 1562 451 1609 mulso
472 1562 722 1609 instillatur.
755 1563 896 1624 Ajunt
913 1564 966 1611 δε
989 1561 1097 1608 lieni
1117 1561 1286 1609 mederi
1309 1578 1403 1608 eam
1424 1563 1481 1609 in-

175 1636 315 1684 horto
336 1636 551 1701 gustatam
566 1674 579 1695 ‚
602 1637 663 1684 ita
684 1654 741 1684 ne
767 1637 964 1685 vellatur
986 1655 996 1684 :
1023 1637 1058 1684 si
1076 1637 1110 1688 is
1130 1637 1209 1702 qui
1229 1638 1474 1699 mordeat²

177 1709 298 1757 dicat
325 1710 367 1756 se
393 1709 501 1756 lieni
534 1710 732 1768 mederi,
759 1727 845 1774 per
866 1710 961 1756 dies
989 1724 1060 1757 IX.
1100 1710 1252 1760 Aridae
1281 1727 1475 1776 quoque

176 1782 364 1830 farinam
382 1783 523 1829 tribus
544 1783 694 1846 digitis
713 1782 1030 1847 apprehensam
1046 1784 1129 1843 ‚7&‚
1147 1783 1366 1832 stomachi
1388 1786 1476 1832 do·-

177 1857 323 1903 Iorem
343 1855 489 1902 sedare
520 1857 572 1902 in»
595 1874 738 1920 aqua:
760 1858 810 1905 &
833 1857 1033 1905 similiter
1066 1856 1293 1921 aspersam,
1311 1859 1359 1906 in
1385 1876 1475 1923 po-

180 1930 353 1976 tionem
370 1965 384 1987 ,
405 1930 582 1977 ventris
609 1930 820 1977 animalia
847 1931 1089 1994 expellere.

246 2004 358 2048 LIV.
389 2004 556 2065 Magna
576 2001 766 2050 societas
784 2020 888 2051 cum
910 2004 995 2051 hac
1023 2005 1080 2051 ad
1105 2006 1371 2053 recreandos
1399 2007 1477 2054 cle·-

182 2076 328 2123 fe&os
351 2075 503 2122 animo
522 2077 706 2141 pulegio
724 2113 737 2136 ‚
763 2096 865 2125 cum
881 2077 1067 2126 surculis
1090 2079 1175 2126 suis
1195 2081 1239 2128 in
1261 2082 1490 2145 ampullas„

182 2150 352 2198 vitreas
374 2151 489 2198 aceti
508 2150 705 2215 utrisque
728 2153 920 2215 dejectis.
944 2155 1049 2215 Qua
1073 2155 1127 2203 de
1151 2155 1279 2203 causa
1298 2157 1491 2220 dignior

185 2241 210 2270 e
228 2222 414 2287 pulegio
436 2240 611 2272 corona
630 2226 827 2273 Varroni
849 2244 1021 2291 ,quam
1044 2246 1069 2276 e
1089 2230 1200 2277 rofis
1220 2267 1235 2289 ‚
1258 2231 1496 2282 cubiculis>

183 2295 346 2343 nostris
365 2298 657 2359 pronuntiata
681 2299 755 2348 est,
788 2300 915 2347 Nam»
931 2303 982 2350 &
1005 2303 1164 2366 capitis
1187 2304 1372 2352 dolores
1393 2307 1478 2352 im·-

181 2370 327 2433 pofita
356 2371 519 2419 dicitur
549 2373 715 2422 levare.
760 2375 888 2435 Quin
915 2378 964 2426 &
994 2378 1163 2426 olfaehi
1193 2379 1340 2442 capita
1361 2382 1481 2432 tueri

183 2456 345 2493 contra
367 2444 588 2511 frigorum
609 2448 822 2514 aestusque
842 2448 1051 2511 injuriam
1068 2488 1081 2511 ,
1103 2453 1154 2501 δέ
1176 2453 1231 2500 ab
1253 2453 1481 2506 firi-tradi-

1084 2528 1122 2574 C
1147 2543 1170 2573 c
1206 2545 1249 2575 a„
