1653 2797
198 146 256 208 36
468 144 818 190 C.PL1NII
867 126 1239 193 SECUND1

197 255 256 302 ris
273 290 289 312 ,
325 253 526 300 differere
558 250 761 314 quisnam
796 252 1110 300 Romanorum
1142 254 1311 317 primus
1347 264 1479 304 acce:

197 327 341 391 perit:
377 340 525 388 neque
547 325 668 373 enim
698 324 803 372 alias
831 338 1057 372 noverant
1074 360 1088 383 ‚
1119 343 1256 390 quam
1284 328 1478 378 bellicas.

199 400 344 461 Quod
369 414 541 446 certum
566 397 626 444 est
640 433 654 456 ,
683 397 764 444 uni
784 397 986 464 gentium
1009 398 1116 446 huic
1136 399 1264 463 plura
1283 399 1383 447 sunt
1398 418 1477 466 ge-

199 490 305 521 nera
320 508 334 530 ‚
357 489 491 537 quam
506 470 691 520 'cimilia

264 550 320 595 V.
353 545 576 593 Romulus
609 544 800 592 frondea
836 545 1079 592 coronavit
1103 545 1296 594 Hostum
1324 546 1481 594 Hosti-

197 618 333 676 lium,
365 618 493 682 quod
526 617 735 664 Fidenam
774 616 943 681 primus
978 617 1209 681 irrupisset.
1242 621 1372 667 Avus
1406 620 1482 667 hic

200 691 324 738 Tulli
367 690 545 738 Hostilii
594 690 694 739 fuit.
740 692 787 737 Ρ.
828 690 1025 738 Decium
1071 705 1273 754 patrem,
1311 694 1482 740 Tribu-

198 783 309 812 num
347 765 574 823 militum‚
616 764 805 811 frondea
839 764 1031 810 donavit
1063 764 1286 811 exercitus
1329 767 1384 813 ab
1422 784 1479 814 eo

199 837 434 895 servatus,
476 840 748 899 Imperatore
798 835 1019 882 Cornelio
1060 836 1201 883 Coffo
1245 838 1479 898 Consule,

199 911 466 958 Samnitium
492 909 628 956 bello.
659 910 822 956 Civica
844 908 980 973 iligna
1003 909 1153 971 primo
1190 909 1303 968 fuit,
1328 911 1482 975 postea

200 984 340 1046 magis
379 981 548 1045 placuit
574 998 630 1027 ex
660 980 811 1027 esculo
848 981 956 1029 Jovi
986 980 1118 1028 sacra.
1156 983 1481 1049 Variatumque

199 1059 250 1104 &
280 1073 384 1104 cum
414 1073 584 1120 quercu
610 1053 698 1112 est,
728 1071 779 1100 ac
809 1055 910 1101 data
943 1054 1139 1118 ubique,
1174 1073 1275 1120 quae
1303 1056 1450 1105 fuerat
1466 1095 1481 1117 ‚

201 1129 425 1176 custodito
444 1141 622 1176 tantum
644 1128 822 1174 honore
843 1127 1025 1191 glandis.
1050 1129 1226 1175 Additae
1245 1129 1363 1195 leges
1388 1149 1482 1184 arez

200 1215 279 1259 tae,
306 1204 357 1250 &
381 1202 484 1249 ideo
513 1201 738 1265 superbae,
763 1199 959 1264 quasque
984 1200 1190 1248 conferre
1219 1202 1354 1249 libeat
1378 1221 1482 1252 cum

199 1275 274 1322 illa
298 1277 569 1323 Graecorum
594 1275 788 1332 summa,
825 1292 925 1338 quae
947 1274 1027 1321 sub
1049 1274 1145 1338 ipso
1175 1277 1292 1323 Jove
1322 1276 1482 1337 datur,

199 1348 364 1411 cuique
393 1365 548 1395 muros
574 1348 719 1411 patria
744 1347 938 1412 gaudens
969 1348 1151 1411 rumpit.
1182 1349 1349 1396 Civem
1390 1350 1482 1397 ser-

199 1436 309 1468 vare
329 1455 342 1477 ‚
377 1420 553 1466 hostem
572 1419 804 1466 occidere:
823 1422 979 1484 thue
999 1437 1103 1468 eum
1121 1421 1300 1481 locum,
1318 1423 1366 1469 in
1386 1440 1484 1487 quo

199 1493 252 1540 sit
284 1493 431 1539 affitum
450 1528 463 1550 ,
484 1491 621 1539 hostis
660 1491 864 1538 obtineat
890 1509 946 1538 eo
975 1494 1058 1541 die.
1098 1497 1162 1542 Ut
1187 1494 1386 1542 servatus
1418 1496 1481 1544 fa-

199 1575 376 1611 teatur:
406 1565 510 1612 alias
552 1563 681 1612 testes
721 1563 784 1610 nil
826 1563 1032 1627 prosunt.
1068 1568 1132 1612 Ut
1163 1566 1278 1614 civis
1317 1566 1482 1616 fuerit:

197 1637 403 1695 Auxilia,
434 1637 641 1701 quamvis
663 1653 766 1700 rege
785 1636 988 1695 servato,
1012 1637 1144 1684 decus
1162 1638 1209 1685 id
1241 1655 1337 1685 non
1360 1639 1481 1690 dant.

200 1711 299 1757 Nec
337 1708 493 1756 crescit
530 1709 679 1755 honos
709 1708 827 1756 idem
857 1711 1130 1772 Imperatore
1173 1711 1479 1760 conservato:

199 1784 416 1847 quoniam
452 1783 711 1831 conditores
745 1782 794 1830 in
824 1800 1100 1848 quocunque
1131 1785 1234 1833 cive
1262 1785 1482 1835 summum

198 1858 282 1904 effe
328 1849 530 1905 voluere.
576 1859 772 1921 Accepta
811 1857 914 1905 licet
954 1859 1020 1905 uti
1059 1872 1293 1922 perpetuo.
1330 1861 1483 1908 Ludos

197 1930 370 1978 ineunti
403 1932 574 1995 semper
599 1932 784 1996 affurgi,
819 1933 951 1979 etiam
985 1934 1040 1979 ab
1063 1934 1252 1993 Senatu,
1285 1935 1332 1981 in
1351 1952 1481 1982 more

199 2005 273 2053 est.
305 2006 493 2054 Sedendi
524 2005 591 2067 jus
619 2006 667 2052 in
693 2006 909 2068 proximo
936 2007 1130 2054 Senatui.
1160 2008 1350 2054 Vacatio
1376 2027 1479 2056 mu-

199 2094 355 2125 nerum
389 2079 594 2125 omnium
631 2079 740 2142 ipsi,
777 2080 980 2144 patrique
1002 2115 1017 2137 ,
1061 2081 1112 2126 &
1141 2096 1232 2125 avo
1273 2091 1479 2142 paterno.

200 2153 558 2212 Quatuordecim
584 2170 654 2200 eas
680 2153 853 2217 accepit
876 2153 1045 2200 Siccius
1062 2153 1314 2209 Dentatus,
1336 2165 1385 2200 ut
1406 2169 1481 2199 re·-

197 2224 380 2273 tulimus
416 2225 497 2273 suo
534 2226 672 2273 loco:
701 2226 776 2273 sex
808 2227 1105 2289 Capitolinus.
1142 2228 1181 2272 Is
1209 2227 1391 2289 quidem
1429 2228 1480 2274 δε

198 2298 250 2345 de
281 2300 393 2347 duce
421 2299 632 2347 Servilio.
665 2300 902 2356 Africanus
929 2300 982 2346 cle
1013 2311 1135 2363 patre
1167 2302 1368 2364 accipere
1394 2317 1480 2347 no-

195 2370 279 2417 luit
314 2373 431 2436 apud
465 2372 690 2421 Trebiam.
723 2375 768 2420 O
799 2390 947 2420 mores
977 2386 1170 2422 aeternos
1190 2411 1203 2433 ‚
1245 2375 1322 2438 qui
1356 2386 1478 2421 tanta

198 2461 331 2505 opera
371 2446 547 2493 honore
583 2446 681 2494 solo
718 2447 1018 2496 donaverint:
1060 2450 1109 2497 &
1141 2465 1242 2496 cum
1277 2447 1477 2511 reliquas
