1653 2797
216 176 308 253 ξω.
474 189 525 250 C.
575 187 835 249 'P'LlN'ri
879 188 1297 252 s'E‘CUN'J'D'ssisl
1347 188 1362 233 f

218 310 423 370 oleastri,
453 310 654 375 juglans,
684 314 837 359 morus
858 312 1102 371 ,sambuci
1138 299 1430 362 Descendunt
1450 298 1502 364 δὲ

220 386 266 431 in
300 385 433 447 plana
450 421 464 444 ‚
488 400 653 432 cornus
673 420 686 442 ,
708 385 922 449 corylus,
946 402 1137 449 quercus
1154 422 1167 444 9
1189 402 1350 445 ornus,
1371 381 1501 449 acer,

217 458 418 504 fraxinus
432 494 446 516 ,
465 457 591 521 fagus
608 493 621 515 ‚
642 456 863 520 carpinus.
884 458 1085 504 Subeunt
1101 461 1150 506 ὃς
1168 459 1215 504 in
1233 459 1500 521 montuosa,

216 530 363 575 ulmus
383 565 397 587 ,
421 529 561 576 malus
581 565 594 587 ,
629 529 752 591 pirus
767 564 781 586 ‚
819 528 969 576 laurus
986 565 1000 588 ‚
1034 542 1239 594 myrtus,
1272 521 1500 595 sanguinei

215 601 430 659 frutices,
450 601 541 648 ilex
560 637 573 659 ‚
601 600 910 665 tingendisque
941 601 1138 648 vestibus
1165 602 1391 650 nascentes
1421 620 1499 667 ge*

215 674 353 720 nistae.
389 674 569 721 Gaudet
603 672 773 736 frigidis
803 672 986 731 sorbus,
1007 675 1058 721 ὃς
1081 674 1220 738 magis
1253 676 1387 722 etiam
1418 677 1499 722 be·-

214 750 337 796 tulla.
395 749 570 795 Gallica
609 749 705 794 haec
740 749 876 794 arhor
907 750 1100 796 mirabili
1131 751 1328 797 candore
1365 763 1499 814 atque

215 823 433 869 tenuitate
448 858 461 880 ,
482 820 688 867 terribilis
709 821 1042 883 magistratuum
1059 823 1213 885 virgis.
1238 824 1402 869 Eadem
1423 823 1500 869 cir-

217 896 329 942 culis
361 894 522 939 flexilis
538 928 552 950 ,
572 892 679 937 item
713 893 919 939 corbium
945 893 1094 945 costis.
1132 894 1334 940 Bitumen
1346 939 1356 943 ,,
1368 911 1424 940 ex
1449 910 1501 940 ea

216 966 377 1013 Galliae
412 974 690 1027 excoquunt.
739 966 789 1009 In
823 964 999 1010 eosdem
1030 966 1132 1012 fitus
1173 965 1501 1086 comitaturi&

217 1040 370 1103 spina,
401 1039 664 1118 nuptiarum
699 1036 869 1085 facibus
901 1039 1262 1104 auspicatiffima?
1281 1037 1426 1102 quoni

218 1113 323 1158 inde
359 1116 478 1158 iece1
484 1123 550 1157 int
585 1109 780 1172 pastores
817 1110 896 1174 qui
930 1124 1172 1174 rapuerunt
1205 1112 1420 1170 Sabinas,
1450 1122 1503 1157 ut

220 1186 375 1231 auctor
395 1183 456 1230 est
480 1177 716 1229 Masurius.
754 1184 889 1230 Nunc
917 1183 1086 1231 facibus
1113 1184 1323 1247 car-pinus
1346 1186 1397 1232 &
1417 1201 1501 1231 co·-

218 1276 277 1323 ry
266 1259 347 1304 lus
371 1255 729 1303 familiariffimae.

285 1331 462 1377 XXXI.
493 1331 641 1392 Aquas
665 1329 800 1374 odere
826 1329 1038 1392 cupreffi,
1071 1329 1328 1393 juglandes,
1363 1330 1502 1378 casta—

219 1421 341 1460 neae,
373 1404 621 1449 laburnum.
655 1402 819 1463 Alpina
841 1405 891 1450 &
920 1404 1016 1449 haec
1049 1403 1213 1462 arbor,
1250 1420 1334 1450 nec
1358 1405 1503 1469 vulgo

220 1488 360 1533 nota,
394 1475 501 1521 dura
531 1492 581 1520 ac
614 1475 802 1521 candida
835 1477 1047 1533 materie,
1079 1475 1203 1539 cujus
1235 1475 1396 1523 florem
1423 1495 1504 1525 cu-

221 1550 403 1597 bitalem
437 1547 718 1611 longitudine
755 1564 857 1609 apes
892 1565 987 1594 non
1023 1549 1261 1612 attingunt.
1309 1549 1422 1595 Odit
1455 1553 1505 1598 &

220 1640 321 1686 quae
342 1621 589 1684 appellatur
616 1620 743 1666 Jovis
762 1620 899 1667 barba
915 1657 928 1678 ‚
958 1621 1003 1665 in
1023 1636 1160 1682 opere
1177 1620 1375 1682 topiario
1394 1633 1504 1667 ton-

221 1696 308 1742 silis
323 1732 335 1753 ‚
355 1697 404 1742 δε
430 1695 475 1740 in
495 1693 816 1740 rotunditatem
836 1693 960 1757 spiffa
974 1730 987 1751 ‚
1006 1704 1217 1757 argenteo
1240 1692 1371 1740 folio.
1394 1696 1505 1741 Non

222 1768 303 1813 nifi
330 1768 375 1812 in
401 1766 574 1830 aquofis
594 1766 875 1828 proveniunt
904 1765 1054 1812 salices
1069 1802 1082 1824 ‚
1101 1765 1214 1824 alni,
1237 1766 1425 1829 populi,
1447 1766 1504 1812 s1-

220 1843 310 1899 ler,
336 1841 516 1905 ligustra
534 1841 697 1887 tefferis
715 1840 951 1888 utiliffima.
987 1843 1096 1887 Item
1117 1840 1349 1899 vaccinia,
1370 1839 1507 1887 Italiae

222 1917 471 1980 mancupiis
493 1916 607 1963 sata:
630 1916 791 1964 Galliae
811 1933 929 1963 vero
947 1917 1080 1964 etiam
1099 1933 1309 1979 purpurae
1326 1915 1507 1979 tingen-

222 1992 292 2036 ‹lae
320 1989 445 2037 causa
472 1991 528 2036 ad
555 1989 842 2037 servitiorum
869 1990 1025 2038 vestes
1060 1992 1356 2052 Quaecunque
1376 2006 1506 2035 com-

221 2063 375 2109 munia
402 2062 500 2108 sunt
531 2062 761 2109 montibus
791 2061 1051 2127 planisque,
1063 2060 1243 2123 maiora
1262 2058 1405 2117 fiunt,
1411 2059 1504 2106 ad-

214 2132 459 2199 sneemque
479 2137 774 2199 pulchriora
765 2155 811 2182 1n
846 2136 1184 2199 campestribus:
1203 2133 1402 2179 meliora
1400 2150 1504 2178 ma-

225 2208 702 2272 te-r109crispioraque
739 2209 783 2254 in
816 2208 1079 2259 montibus:
1116 2204 1313 2268 exceptis
1345 2204 1470 2250 malis
1487 2239 1532 2261 ,,

227 2279 436 2343 pirisque.
1346 2288 1350 2292 '

290 2356 481 2403 XXXII.
510 2355 726 2399 Praeterea
757 2353 967 2398 arborum
999 2349 1095 2396 aliis
1126 2347 1339 2395 decidunt
1371 2345 1505 2393 folia:

230 2426 328 2471 aliz-e
361 2426 622 2489 sempiterna
655 2441 786 2470 coma
821 2423 983 2469 virent.
1026 2423 1176 2481 Quam
1218 2419 1507 2466 differentiam

233 2499 463 2546 'antecedat
500 2497 667 2546 necess'e
701 2495 761 2543 est
799 2495 939 2558 prior,
967 2495 1103 2561 „Sunt
1139 2493 1258 2567 enim
1283 2492 1505 2563 'arborum
