1653 2797
281 134 554 200 NATUR.
592 151 1252 202 HISTOR.LIB.X1X.
1337 155 1430 216 361'

153 258 301 307 tibus:
338 260 494 308 seritur
523 261 716 323 ubique:
754 261 932 308 suavius
975 261 1198 321 sativum,
1234 262 1307 308 sed
1339 261 1431 308 fine

154 333 341 382 viribus.
392 336 613 381 Panacem
649 333 789 396 aliqui
822 347 1009 382 vocant.
1055 337 1272 383 Cratevas
1310 334 1430 399 apud

153 406 342 453 Graecos
372 405 566 453 cunilam
586 405 798 452 bubulam
817 422 872 452 eo
897 407 1083 454 nomine
1106 409 1327 471 appellat:
1356 425 1431 455 ce-

151 479 235 524 teri
253 479 346 525 fere
364 494 591 542 conyzam
605 515 619 537 ,
640 478 687 524 id
702 478 789 536 est,
810 479 1107 543 cunilaginem
1125 499 1136 525 :
1169 481 1431 545 thymbram

153 568 294 611 vero,
323 569 425 615 quae
454 552 507 598 fit
539 551 716 599 cunila·
734 553 844 598 Haec
864 552 981 615 apud
1009 569 1094 599 nos
1125 554 1257 601 habet
1287 571 1428 602 voca-

148 623 304 670 bulum
323 625 374 671 &
390 623 514 670 aliud
526 660 542 682 ,
561 622 749 686 satureja
768 624 882 670 dicta
900 624 948 670 in
974 624 1335 673 condimentario
1356 642 1431 689 ge-

149 712 273 744 nere.
315 697 484 743 Seritur
519 695 669 742 mense
708 695 951 743 Februario
971 732 986 755 ,
1024 697 1218 761 origano
1260 698 1434 745 aemula.

149 769 382 833 Nusquam
411 781 650 833 utrumque
682 770 886 829 additur,
922 770 1089 833 quippe
1119 770 1269 817 similis
1299 771 1433 818 effec-

148 854 234 891 tus.
268 846 354 892 Sed
386 844 549 892 cunilae
574 846 842 910 AEgyptium
861 845 1100 908 origanum
1116 857 1291 892 tantum
1310 863 1430 910 prae-

146 914 303 964 fertur.

214 992 282 1036 LI.
314 990 607 1054 Peregrinum
637 989 724 1036 fuit
754 992 804 1038 &
837 990 1067 1054 lepidium.
1100 991 1269 1038 Seritur
1296 1009 1321 1039 a
1348 995 1433 1040 Fa·-

148 1062 328 1109 vonio:
362 1063 464 1109 dein
498 1081 600 1110 cum
633 1062 891 1121 fruticavit,
926 1063 1035 1126 juxa
1069 1076 1230 1111 terram
1265 1065 1431 1127 praeci-

147 1135 296 1182 ditur:
323 1148 434 1183 tunc
468 1150 681 1184 runcatur
700 1174 714 1195 ,
754 1137 1143 1201 stercoraturque:
1184 1154 1264 1200 per
1298 1138 1430 1184 bien-

148 1209 274 1255 nium
303 1209 406 1256 hoc.
432 1209 589 1256 Postea
613 1209 762 1256 iisdem
786 1209 1020 1256 fruticibus
1042 1220 1231 1255 utuntur
1247 1245 1261 1265 ‚
1280 1208 1312 1254 fi
1332 1225 1431 1255 non

147 1278 321 1326 saevitia
347 1279 506 1326 hiemis
535 1280 772 1344 ingravat,
793 1281 974 1344 quando
1001 1278 1432 1341 impatientissimum

147 1352 210 1398 est
227 1351 460 1416 frigorum.
476 1352 583 1398 Exit
603 1352 713 1400 &in
729 1352 968 1400 cubitalem
985 1352 1266 1399 altitudinem
1279 1387 1293 1410 ,
1306 1351 1432 1398 foliis

145 1427 357 1485 laurinis,
381 1426 454 1472 sed
469 1426 710 1473 mollibus:
734 1426 922 1490 ususque
954 1426 1048 1488 ejus
1075 1444 1170 1473 non
1191 1426 1283 1472 fine
1307 1426 1431 1473 lacte.

217 1504 304 1549 LII.
336 1502 450 1547 Gith
472 1500 695 1563 pistrinis,
730 1500 901 1548 anisum
937 1502 989 1548 &
1023 1500 1236 1546 anethum
1269 1500 1433 1546 culinis

146 1577 196 1622 δέ
214 1575 398 1621 medicis
418 1573 673 1620 nascuntur.
702 1573 1007 1635 Sacopenium
1024 1571 1236 1636 &ipsum
1254 1572 1302 1618 in
1323 1573 1430 1620 hor-

145 1652 202 1696 tis
232 1649 441 1712 quidem,
467 1648 540 1694 sed
568 1648 806 1695 medicinae
827 1659 1019 1693 tantum.
1323 1639 1331 1641 s

211 1725 318 1770 LIII.
352 1725 465 1769 Sunt
491 1723 694 1786 quaedam
719 1721 982 1768 comitantia
1011 1721 1205 1767 aliorum
1222 1719 1336 1767 satus
1346 1757 1361 1777 ‚
1380 1732 1431 1767 ut

145 1812 359 1861 papaver.
378 1796 585 1857 Namque
601 1812 703 1841 cum
725 1794 908 1841 brassica
925 1792 1082 1840 seritur
1100 1811 1152 1840 ac
1171 1794 1430 1856 portulaca:

147 1874 198 1918 &
216 1886 348 1916 eruca
371 1885 474 1915 cum
493 1869 677 1916 lactuca.
712 1867 952 1931 Papaveris
974 1867 1105 1915 sativi
1130 1868 1213 1914 tria
1238 1885 1400 1932 genera
1419 1886 1432 1915 :

148 1941 433 1998 Candidum,
461 1939 588 2002 cujus
615 1941 761 1988 semen
789 1940 958 1987 tostum
984 1941 1032 1987 in
1061 1940 1254 1988 secunda
1282 1940 1432 1987 mensa

147 2029 250 2065 cum
261 2014 392 2061 melle
405 2014 521 2076 apud
538 2014 748 2078 antiquos
767 2015 962 2061 dabatur.
988 2016 1090 2062 Hoc
1105 2014 1292 2078 &panis
1310 2013 1432 2062 rusti-

147 2088 191 2135 ci
215 2086 371 2135 crustae
396 2086 687 2150 inspergitur,
714 2086 856 2134 affuso
881 2104 979 2135 ovo
999 2087 1218 2134 inhaerens
1235 2125 1250 2145 ‚
1271 2087 1348 2134 ubi
1370 2087 1432 2133 in-

146 2160 359 2206 feriorem
378 2158 565 2206 crustam
581 2160 730 2222 apium
757 2159 942 2224 githque
963 2160 1122 2207 cereali
1139 2160 1296 2224 sapore
1315 2176 1430 2207 con-

147 2233 293 2279 diunt.
326 2232 529 2279 Alterum
567 2247 706 2295 genus
746 2231 809 2278 est
842 2233 1079 2295 papaveris
1107 2233 1311 2296 nigrum,
1348 2249 1431 2280 cu-

147 2307 218 2369 jus
247 2305 379 2368 scapo
409 2306 551 2353 inciso
578 2306 740 2352 lacteus
768 2305 922 2353 succus
951 2306 1192 2369 excipitur.
1224 2306 1429 2353 Tertium

151 2395 287 2442 genus
320 2378 492 2425 rhoeam
523 2395 696 2426 vocant
721 2380 870 2426 Graeci
889 2416 903 2439 ‚
929 2380 975 2426 id
1008 2379 1148 2427 nostri
1181 2378 1431 2426 erraticum.

151 2451 320 2518 „Sponte
355 2450 568 2514 quidem,
604 2449 752 2503 sedin
781 2452 902 2501 arvis
936 2469 1041 2501 cum
1075 2450 1250 2500 hordeo
1283 2451 1428 2501 maxi-

279 2607 283 2625 l
