1653 2797
283 134 568 184 NATUR.
602 133 905 182 HISTOR.
942 136 1071 182 LlB.
1106 135 1283 183 XVII.
1358 135 1445 196 1617

219 245 340 293 XIII.
369 246 429 293 Et
458 244 579 291 aliud
608 258 745 306 genus
774 241 915 289 {imile
949 256 1108 290 natura
1136 241 1410 304 monstravit
1429 278 1448 300 ‚

155 319 391 384 avulfique
412 317 647 367 arboribus
669 315 870 363 stolones
902 317 1074 365 vixere.
1108 320 1222 379 Quo
1242 317 1289 363 in
1308 334 1448 382 gene-

155 409 206 439 re
225 394 275 441 &
295 409 399 439 cum
415 406 554 454 perna
573 388 648 435 sua
666 388 951 448 avelluntur,
968 403 1229 456 partemque
1251 391 1449 455 aliquam

155 483 181 512 e
202 465 361 512 matris·
387 479 570 527 quoque
600 478 797 525 corpore
829 461 1037 510 auferunt
1056 462 1206 510 secum
1238 462 1449 511 fimbria-⁷

154 550 207 585 to
240 549 462 599 corpore.vr
491 535 596 581 Hoc
637 534 781 581 modo
811 535 1073 598 plantantur
1105 535 1285 581 Punicae
1304 572 1318 593 ‚
1362 552 1453 582 co-²v

156 609 249 673 ryli
268 644 283 667 ,
309 607 445 665 mali,
468 605 613 665 soi-bi,
634 606 836 670 mespili,
857 606 1053 666 fraxini,
1076 605 1177 665 fici,
1199 606 1245 652 in
1269 607 1448 670 primis-

154 697 245 744 que
270 681 402 728 vites.
435 678 701 725 Cotoneum
721 680 797 726 ita
819 678 962 726 satum
987 679 1244 743 degenerat.
1271 681 1341 725 Ex
1367 696 1455 725 eo*

156 754 260 800 dem
293 752 534 800 inventum
570 751 631 798 est
669 752 873 800 surculos
909 753 1120 801 abscissos
1158 752 1315 800 serere.
1344 753 1449 799 Hoc

156 826 308 889 primo
343 823 455 888 sepis
488 824 616 872 causa
644 823 810 871 saelum
825 862 838 883 ‚
861 825 1080 872 sambucis
1099 860 1114 884 ‚
1144 836 1346 873 cotoneo
1362 861 1378 881 ‚
1399 825 1452 873 Sc

153 899 282 946 -rubis
311 897 532 961 depaffis:
559 912 676 943 mox
699 898 749 943 &
768 897 982 955 culturae,
1002 909 1052 943 ut
1078 897 1261 961 populis
1277 932 1291 956 ‚
1311 895 1450 955 alnis,

157 973 281 1021 salici
302 1009 316 1032 ,
347 989 448 1035 quae
469 971 544 1019 vel
567 970 751 1018 inverso
781 971 962 1018 surculo
995 971 1168 1018 seritur.
1192 972 1285 1019 Jam
1305 988 1369 1017 eae
1387 970 1452 1017 ibi

159 1045 490 1109 disponuntur,
526 1043 606 1090 ubi
634 1043 771 1094 libeat
798 1046 882 1092 effe
913 1062 999 1092 eas.
1035 1043 1353 1106 Quamobrem
1383 1043 1459 1091 se-

161 1117 339 1166 minarii
378 1133 531 1163 curam
561 1127 666 1162 ante
702 1116 926 1165 convenit
954 1116 1045 1164 dici
1066 1151 1082 1175 ‚
1100 1133 1234 1182 quam
1254 1114 1453 1162 transea-

161 1203 237 1238 tur
269 1190 324 1238 ad
346 1189 433 1237 alia
463 1206 640 1253 genera,

246 1265 373 1312 XIV.
422 1263 632 1328 Namque
667 1262 722 1308 ad
760 1262 806 1308 id
839 1262 1121 1326 praecipuum
1163 1260 1268 1325 eligi
1305 1260 1459 1309 solum

163 1337 333 1396 refert,
369 1336 592 1400 quoniam
635 1334 858 1383 nutricem
900 1335 1287 1399 indulgentiorem
1333 1335 1452 1393 effe,

162 1428 298 1475 quam
336 1422 554 1468 matrem,
587 1408 703 1472 saepe
737 1409 973 1457 convenit.
1005 1410 1071 1455 Sit
1112 1425 1220 1472 ergo
1255 1408 1419 1456 siccum
1439 1445 1455 1467 ,

164 1482 488 1547 succosumque
507 1519 521 1541 ‚
539 1482 710 1545 bipalio
728 1481 956 1529 subactum
971 1518 989 1540 ‚
1004 1482 1190 1530 advenis
1210 1481 1428 1544 hospitale
1440 1518 1456 1541 ,

164 1561 216 1607 &
246 1576 382 1623 quam
416 1558 690 1605 simillimum
734 1570 893 1616 terrae,
931 1559 978 1604 in
1012 1575 1147 1623 quam
1179 1556 1461 1605 transferen—

165 1634 235 1680 dae
267 1633 365 1680 fint.
402 1633 518 1678 Ante
543 1631 699 1681 omnia
727 1631 997 1695 elapidatum
1019 1669 1034 1689 ,
1061 1631 1375 1695 munitumque
1402 1631 1459 1678 ad

165 1706 394 1754 incursum
424 1705 559 1752 etiam
594 1705 832 1770 gallinacei
867 1706 1073 1770 generis:
1101 1723 1236 1770 quam
1271 1705 1459 1753 minime

167 1778 414 1838 rimosum,
449 1796 505 1825 ne
541 1790 779 1842 penetrans
808 1780 887 1826 Sol
917 1791 1076 1826 exurat
1114 1778 1278 1827 fibras:
1315 1779 1458 1826 inter-

169 1853 296 1900 vallo
335 1852 643 1915 sesquipedum
682 1852 793 1900 seri:
846 1870 948 1899 nam
986 1853 1018 1899 fi
1050 1853 1168 1898 inter
1200 1851 1242 1899 se
1273 1852 1461 1902 contin-

171 1940 277 1991 gant
299 1962 313 1984 ,
350 1938 512 1989 praeter
545 1927 630 1975 alia
667 1928 782 1975 vitia
805 1965 819 1986 ‚
861 1929 996 1978 etiam
1029 1927 1288 1975 verminosa
1314 1926 1459 1975 fiunt:

171 2000 276 2047 ideo
295 1999 441 2046 sarriri
465 2001 687 2048 convenit
705 2002 860 2065 saepius
871 2039 887 2060 ‚
907 2002 1156 2066 herbasque
1173 2002 1324 2050 evelli.
1345 2004 1465 2050 Prae*

172 2085 293 2120 terea
326 2071 491 2118 semina
524 2072 615 2135 ipsa
643 2072 902 2122 &micantia
922 2074 1156 2138 supputare
1178 2112 1192 2134 ‚
1221 2093 1272 2124 ac
1299 2075 1463 2125 falcem

173 2146 267 2210 pati
288 2144 594 2193 consuescere.

241 2219 359 2265 Cato
390 2221 441 2267 &
471 2218 612 2267 furcis
654 2234 792 2269 crates
826 2221 1003 2285 imponi
1037 2221 1193 2283 jubet,
1228 2222 1466 2270 altitudine

175 2291 402 2348 hominis,
434 2292 488 2338 ad
507 2292 659 2340 Solem
682 2296 1017 2358 recipiendum:
1047 2308 1178 2359 atque
1211 2295 1350 2358 integi
1368 2294 1473 2342 cul--

174 2382 254 2414 mo
287 2364 343 2410 ad
374 2362 544 2427 frigora
563 2369 777 2416 arcenda:
810 2369 873 2417 fic
909 2369 1112 2430 pirorum
1147 2369 1477 2431 malorumque-

178 2440 347 2488 semina
381 2440 574 2502 nutriri,
604 2441 664 2490 fic
692 2442 848 2506 pineas
871 2459 1009 2490 nuces
1026 2481 1040 2503 ,
1070 2445 1129 2491 fic
1157 2444 1385 2506 cupress'os
1404 2442 1469 2490 se-

1116 2520 1212 2577 L4
