1653 2797
202 160 263 206 ῳ
460 141 822 188 C.PL1N11
868 140 1239 189 SECUNm

200 249 393 298 tenebris
427 249 690 313 decerpitur.
733 252 768 296 E
793 248 1049 313 glandiferis
1078 247 1172 296 sola
1205 265 1306 314 quae
1336 266 1481 300 voca-

201 334 274 370 tur
309 323 519 388 aegilops,
554 324 641 371 fert
673 340 849 388 pannos
882 335 1089 384 arentes,
1121 323 1331 371 muscoso
1364 325 1483 372 villo

201 414 366 456 canos,
390 414 486 445 non
507 397 555 443 in
578 397 746 445 cortice
768 398 909 445 modo
925 435 939 458 ‚
959 415 1119 446 verum
1138 399 1189 445 &
1211 414 1236 444 e
1255 397 1385 445 ramis
1404 389 1482 445 ¹de-

200 469 445 532 pendentes
485 469 667 516 cubitali
699 471 1035 534 magnitudine,
1063 471 1305 529 odoratos,
1332 483 1383 519 ut
1412 471 1482 518 di-
1508 463 1512 468 ⁴

201 558 349 588 ximus
385 541 502 589 inter
532 558 778 606 unguenta.

264 612 419 658 Suberi
445 613 631 660 minima
658 613 820 670 arbor,
841 611 969 676 glans
991 610 1195 675 peffima‚
1218 628 1314 659 rara
1334 631 1346 659 :
1377 629 1483 661 cor-

201 699 278 730 tex
306 695 483 731 tantum
512 685 558 731 in
586 684 735 732 frustu
750 721 763 742 ‚
784 684 1035 748 praecraffus
1057 701 1108 730 ac
1130 684 1361 734 renascens
1377 722 1391 744 ‚
1412 699 1483 732 at-

198 773 290 820 que
310 757 444 804 etiam
462 758 510 804 in
531 758 672 805 denos
690 757 826 821 pedes
841 758 1042 821 undique
1061 757 1337 820 explanatus.
1365 758 1483 807 Usus

198 829 294 892 ejus
329 830 614 878 ancoralibus
647 831 839 878 maxime
876 831 1091 888 navium,
1126 830 1484 896 piscantiumque

200 903 419 967 tragulis,
455 905 504 951 δέ
537 903 754 950 cadorum
795 903 1149 951 obturamentis:
1188 916 1399 967 praeterea
1435 903 1484 951 in

200 975 390 1020 hiberno
418 974 686 1022 femi-narum
715 974 926 1022 calceatu.
962 974 1273 1035 Quamobrem
1299 992 1393 1021 non
1416 973 1489 1020 in-

202 1046 341 1093 facete
380 1047 531 1093 Graeci
566 1048 751 1095 corticis
775 1047 988 1099 arborem
1025 1046 1263 1110 appellant.
1297 1048 1410 1093 Sunt
1435 1049 1485 1094 &

201 1118 282 1182 qui
308 1117 518 1166 feminam
543 1120 690 1166 ilicem
715 1133 920 1167 vocent:
951 1133 1082 1184 atque
1109 1119 1189 1166 ubi
1218 1136 1314 1166 non
1340 1118 1484 1166 nasci-

200 1204 273 1239 tur
301 1192 418 1252 ilex,
457 1211 541 1257 pro
577 1212 629 1242 ea
666 1194 819 1241 subere
861 1206 1077 1252 utantur,
1106 1194 1154 1240 in
1199 1192 1483 1256 carpentariis

201 1265 427 1328 praecipue
452 1265 631 1312 fabricis
647 1302 661 1324 ,
684 1277 733 1312 ut
762 1267 880 1312 circa
901 1265 1002 1312 Elin
1029 1267 1079 1313 &
1099 1265 1483 1312 Lacedaemonem.

199 1339 296 1384 Nec
317 1339 364 1384 in
383 1339 506 1386 Italia
523 1352 620 1386 tota
640 1339 831 1386 nascitur
845 1375 858 1398 ‚
877 1351 952 1386 aut
974 1339 1022 1385 in
1043 1338 1192 1385 Gallia
1211 1338 1418 1384 omnino.

269 1413 397 1460 X1V.
435 1414 611 1460 Cortex
631 1416 681 1461 &
700 1413 808 1477 fagis
832 1450 845 1471 ,
874 1414 1008 1472 tiliae,
1036 1411 1203 1470 abieti,
1233 1413 1372 1476 piceae
1394 1448 1408 1471 ,
1434 1412 1483 1458 in

200 1501 368 1549 magno
397 1484 476 1531 usu
505 1485 757 1549 agrestium.
785 1487 922 1545 Vasa,
956 1486 1230 1550 corbesque,
1251 1503 1303 1533 ac
1325 1498 1485 1549 paten-

200 1557 318 1604 tiora
346 1559 548 1622 quaedam
580 1559 784 1606 meflibus
807 1560 1119 1608 convehendis
1151 1559 1486 1624 vindemiisque

202 1631 372 1678 faciunt
387 1667 401 1689 ‚
437 1643 568 1695 atque
600 1645 814 1695 praetexta
841 1634 1138 1697 tuguriorum.
1159 1632 1322 1679 Scribit
1345 1632 1390 1678 in
1410 1649 1484 1678 re-

202 1704 323 1751 centi
354 1706 408 1751 ad
443 1705 574 1752 duces
602 1706 866 1769 explorator
886 1742 899 1765 ‚
927 1706 1129 1754 incidens
1154 1706 1300 1753 literas
1336 1724 1360 1753 a
1388 1706 1486 1753 suc-v

204 1794 276 1825 co,
304 1779 402 1825 Nec
426 1796 523 1825 non
555 1778 601 1824 in
634 1780 831 1842 quodam
867 1779 947 1826 usu
983 1779 1211 1827 sacrorum
1252 1779 1488 1843 religiosus.

203 1851 265 1898 est
299 1852 386 1918 fagi
411 1867 583 1901 cor-tex.
609 1853 694 1900 Sed
728 1870 824 1900 non
850 1855 984 1920 durat*
1002 1855 1139 1901 arbor
1164 1852 1273 1918 ipsa.

265 1927 370 1972 XV.
391 1925 622 1972 Scandulae
635 1943 658 1972 e
674 1926 843 1973 robore
862 1927 1115 1990 aptiflimae,
1137 1943 1248 1973 mox
1266 1943 1290 1972 e
1314 1925 1486 1990 glandi-

204 1997 308 2043 feris
343 1997 460 2055 aliis,
489 1998 726 2061 sagoque:
767 1998 991 2046 facillimae
1031 2017 1087 2046 ex
1128 1998 1338 2046 omnibus
1378 2015 1480 2061 quae

204 2069 391 2116 resinam
426 2069 599 2116 ferunt:
637 2069 708 2116 sed
739 2072 923 2119 minime
960 2073 1148 2130 durant,
1180 2082 1478 2134 praeterquam

204 2160 228 2189 e
268 2143 392 2205 pino.
447 2143 667 2189 Scandula
701 2146 953 2191 comestam
991 2144 1117 2191 fuiffe
1163 2146 1388 2200 Romam,
1426 2142 1485 2188 ad-

202 2213 367 2278 Pyrrhi
400 2213 539 2278 usque
585 2213 784 2273 bellum,
825 2217 950 2262 annis
990 2230 1263 2274 CCCCLXX,
1299 2217 1480 2262 Corne-

203 2286 288 2331 lius
320 2285 477 2347 Nepos
503 2284 656 2331 auc'tor
683 2285 756 2332 est.
779 2286 1001 2332 Silvarum
1032 2299 1151 2333 certe
1182 2285 1479 2350 distingueba-

203 2370 274 2404 tur
312 2357 568 2420 insignibus.
605 2358 800 2419 Fagutali
831 2358 936 2405 Jovi
972 2358 1101 2404 etiam
1134 2376 1282 2418 nunc,
1314 2357 1391 2403 ubi
1414 2355 1483 2402 lu-

203 2448 279 2478 cus
316 2430 464 2495 fageus
506 2431 589 2479 fuit
606 2450 622 2481 ε.
656 2443 786 2494 porta
833 2431 1237 2495 Querquetulana:
1272 2428 1388 2479 colle
1433 2428 1484 2476 in
