1653 2797
226 163 499 212 NATUR.
535 164 843 211 HISTOR.
885 165 1008 212 LlB.
1042 166 1244 212 XVIII.
1316 167 1402 231 285

204 287 245 333 3.
279 272 397 319 Cato
425 288 566 319 verna
596 288 735 333 opera
756 271 814 318 fic
849 271 1031 320 definit:
1069 273 1258 320 Scrobes
1279 272 1408 332 fieri,

133 342 365 391 seminaria
403 344 673 407 propagari:
710 343 757 388 in
791 343 904 390 locis
952 345 1098 392 craffis
1135 348 1186 395 &
1219 345 1411 393 humidis

134 417 283 464 ulmos
298 453 317 476 .,
346 416 456 464 ficos
474 452 488 474 ‚
519 432 683 478 poma,
713 414 835 462 oleas
868 416 980 463 seri:
1014 431 1140 481 prata
1175 419 1413 468 stercorari

135 492 262 537 Luna
283 490 452 536 sitiente
468 524 482 547 ‚
506 506 606 553 quae
634 488 762 552 'rigua
781 505 877 534 non
898 503 1054 537 erunt:
1084 493 1138 538 ab
1163 494 1309 540 afflatu
1329 497 1414 541 Fa-

135 562 270 609 vonii
286 561 488 620 defendi,
507 561 710 625 purgari,
729 561 886 608 herbas
904 562 1037 609 malas
1058 564 1270 612 radicitus
1288 569 1416 625 erui,

135 633 246 682 ficus
274 634 572 699 interpurgari
591 671 605 694 ,
633 634 864 682 seminaria
888 633 984 681 fieri
1002 670 1016 694 ,
1034 636 1083 684 &
1104 649 1258 685 vetera
1281 638 1415 687 sarci-—

134 707 189 754 ri.
226 709 337 754 Haec
363 720 602 772 antequam
623 708 759 755 vinea
787 707 949 755 florere
979 708 1179 772 incipiat.
1215 713 1416 774 Itemque

135 781 240 846 piro
266 782 458 831 florente
488 800 609 830 arare
629 782 815 845 incipiat
832 800 980 831 macra
999 783 1286 848 arenosaque.
1324 788 1417 832 Po—

138 854 225 902 stea
241 855 307 902 uti
325 872 514 920 quaeque
531 855 783 920 graviffima
801 857 850 903 &
862 854 1162 918 aquofiffima,
1182 856 1243 904 ita
1258 857 1420 920 postre-

138 945 216 975 mo
245 940 384 977 arato.
413 931 533 993 Ergo
558 929 654 976 haec
677 928 819 976 aratio
839 927 916 975 has
937 928 1118 976 habebit
1142 941 1271 977 notas
1287 966 1300 989 ‚
1320 930 1419 977 len-

138 1001 236 1049 tisci
265 1002 460 1065 primum
493 1001 681 1049 frufi‘um
705 1001 977 1049 ostendentis
997 1037 1009 1060 ‚
1043 1019 1094 1050 ac
1121 1003 1209 1066 piri
1246 1002 1419 1050 floren.-

139 1074 211 1121 tis.
243 1074 339 1120 Erit
364 1075 414 1121 δε
439 1073 568 1120 tertia
604 1073 652 1120 in
689 1073 932 1121 bulborum
969 1073 1085 1134 satu,
1122 1074 1269 1122 scillae.
1310 1078 1419 1122 Item

140 1146 188 1193 in
223 1158 655 1194 coronamentorum
675 1183 689 1206 ,
714 1147 917 1194 narciffi:
941 1164 1135 1212 namque
1166 1150 1215 1195 &
1241 1148 1335 1195 haec
1354 1160 1421 1194 ter

139 1217 334 1278 florent,
371 1219 609 1281 primoque
645 1217 758 1264 flore
780 1219 970 1281 primam
1005 1218 1252 1267 arationem
1274 1218 1421 1266 osten·

140 1293 281 1351 dunt,
310 1292 462 1338 medio
488 1291 750 1352 secundam,
772 1293 908 1340 tertio
931 1293 1244 1352 noviffimam,
1274 1310 1421 1357 quanm

143 1365 206 1412 do
239 1367 354 1411 inter
378 1365 465 1412 sese
499 1365 586 1412 alia
608 1365 704 1412 aliis
741 1377 870 1412 notas
905 1364 1118 1428 praebent.
1152 1366 1219 1413 Ac
1249 1382 1344 1411 non
1375 1366 1423 1410 iu

144 1437 398 1485 novissimis
429 1450 616 1485 cavetur
635 1474 648 1497 ,
683 1454 740 1484 ne
771 1437 884 1484 fabis
922 1437 1189 1484 florentibus
1229 1437 1423 1501 attinga-

143 1523 218 1558 tur
250 1512 409 1559 edera:
433 1512 480 1557 id
511 1511 631 1558 enim
661 1511 851 1557 noxium
878 1511 1123 1558 &exitiale
1152 1510 1193 1557 ei
1224 1510 1285 1557 est
1315 1523 1427 1557 tem-

145 1602 241 1650 pus.
278 1585 502 1646 Quaedam
541 1601 657 1632 vero
693 1587 742 1633 δε
771 1583 864 1631 suas
902 1584 1070 1630 habent
1105 1595 1234 1631 notas
1255 1620 1268 1641 ‚
1298 1583 1425 1632 sicuti

146 1659 272 1707 ficus,
301 1661 421 1706 Cum
445 1658 555 1706 folia
576 1676 717 1722 pauca
749 1658 797 1705 in
825 1658 1056 1706 cacumine
1086 1658 1305 1706 acetabuli
1328 1675 1427 1706 mo-

146 1735 209 1781 do
240 1733 518 1797 germinent,
537 1744 648 1779 tunc
667 1731 860 1779 maxime
890 1730 1092 1778 serendas
1122 1729 1246 1778 ficus.

210 1808 370 1853 LXVI.
407 1823 444 1852 1.
475 1804 817 1870 AEquinoffium
840 1821 1033 1851 vernum
1067 1821 1106 1851 a.
1133 1804 1174 1850 d.
1209 1818 1306 1850 vm
1329 1805 1429 1851 Ka·-

147 1878 301 1925 lendas
335 1878 502 1940 Aprilis
535 1878 686 1941 peragi
717 1878 914 1929 videtur.
940 1878 1010 1923 Ab
1041 1894 1096 1924 eo
1123 1877 1177 1923 ad
1204 1878 1430 1942 Vergilia-

149 1970 252 1999 rum
286 1964 495 1998 exortum
525 1952 824 2010 matutinum,
860 1951 1025 1998 Caesari
1053 1949 1301 2014 significant
1331 1953 1429 1998 Ka-

151 2026 295 2072 lendae
329 2012 595 2087 Aprilissm
635 2027 791 2072 Nonas
818 2025 983 2088 Aprilis
1011 2025 1057 2070 in
1091 2025 1240 2072 Attica
1270 2025 1431 2089 Vergi-

149 2100 223 2145 liae
244 2098 426 2162 vespere
446 2099 747 2146 occultantur.
780 2099 958 2146 Eaedem
979 2099 1193 2162 postridie
1225 2099 1272 2146 in
1295 2101 1430 2146 Boeo·

151 2171 243 2218 tia:
279 2170 440 2218 Caesari
476 2184 623 2217 autem
660 2173 708 2220 &
741 2171 961 2219 Chaldaeis
1000 2172 1180 2218 Nonis:
1224 2172 1428 2236 AEgypto

154 2244 306 2290 Orion
342 2245 391 2291 ὃ(
425 2244 593 2308 gladius
620 2244 712 2306 ejus
742 2245 965 2308 incipiunt
997 2244 1224 2293 abscondi.
1265 2242 1429 2290 Caesari

152 2317 278 2363 sexto
310 2317 409 2364 Idus
452 2316 721 2381 fignificatur
759 2318 901 2365 imber
940 2318 1086 2365 Librae
1119 2316 1294 2365 occasu.
1333 2330 1430 2365 xlv

156 2390 382 2436 Kalendas
411 2391 517 2450 Maii
550 2391 751 2456 AEgypto
772 2392 946 2440 Suculae
984 2392 1202 2440 occidunt
1226 2389 1429 2454 vesperi,

157 2464 273 2514 sidus
300 2464 573 2528 vehemens,
593 2468 642 2518 δι
666 2480 782 2518 terra
800 2468 1005 2535 marique
1030 2467 1280 2519 turbidum:
1309 2465 1430 2516 deci·
