1653 2797
266 137 1221 189 NATUR.H18TOR.LIB.XV1.
1328 156 1408 197 141

137 261 187 297 to
216 249 430 298 vestiatur
458 246 544 295 alia
580 243 813 302 materies,
845 246 1072 309 praecipua
1104 246 1206 294 sunt
1232 248 1415 309 citrum,

137 322 443 387 terebinthus,
474 317 610 367 aceris
642 332 827 380 genera,
859 317 1054 378 buxum,
1088 320 1234 382 palma
1252 358 1266 380 ,
1289 322 1418 385 aqui—

137 391 329 455 folium,
352 394 443 441 ilex
459 428 473 450 ‚
509 389 706 437 sambuci
731 388 882 446 radix,
919 391 1130 452 populus.
1164 395 1257 440 Dat
1284 397 1333 442 &
1351 395 1418 441 al-

139 485 246 527 nus,
264 481 316 514 ut
333 465 499 512 diC'mm
517 462 601 522 est,
622 461 752 508 tuber
771 459 941 519 sectile,
959 461 1069 509 ficut
1089 463 1246 511 citrum
1263 504 1275 521 ‚
1294 484 1420 514 acer-

139 558 238 606 que.
275 535 373 587 Nec
391 537 577 585 aliarum
604 535 762 582 tubera
784 533 830 580 in
854 534 1017 597 pretio.
1048 536 1197 583 Media
1222 555 1320 600 pars
1348 558 1420 588 ar-

136 616 303 662 borum
334 610 553 674 crispior,
586 611 636 656 &
672 624 765 672 quo
797 606 992 671 propior
1025 608 1193 666 radici,
1226 612 1419 660 minori—

138 685 218 733 bus
249 682 477 748 magisque
507 680 734 727 flexilibus
756 679 956 728 maculis.
978 680 1088 727 Haec
1114 680 1257 743 prima
1286 684 1421 747 origo

136 757 363 816 luxuriae,
406 756 617 803 arborem
659 754 744 801 alia
774 752 947 817 integi,
984 755 1034 802 &
1072 754 1259 802 viliores
1296 756 1421 821 ligno

137 831 429 896 pretiofiores
450 829 621 877 cortice
638 827 749 876 fieri.
775 831 839 876 Ut
855 845 943 875 una
964 828 1100 876 arbor
1117 828 1271 893 saepius
1290 832 1423 879 veni-

140 917 208 952 ret
226 942 242 963 ,
268 905 534 968 excogitatae
572 901 672 948 sunt
705 903 756 948 δε
785 901 894 964 ligni
927 901 1124 949 bracteae.
1173 904 1271 951 Nec
1296 903 1422 953 satis:

138 994 321 1041 coepere
357 976 471 1040 tingi
514 974 772 1021 animalium
809 990 1017 1020 cornua:
1064 974 1217 1022 dentes
1256 976 1420 1025 secari:

142 1051 408 1115 lignumque
444 1049 581 1095 ebore
615 1045 856 1110 distingui,
893 1062 1005 1093 mox
1040 1047 1223 1110 operiri.
1255 1048 1424 1098 Placuit

141 1125 301 1171 deinde
321 1123 554 1169 materiam
580 1122 630 1167 &
651 1121 697 1166 in
717 1120 829 1166 mari
856 1120 1009 1184 quaeri.
1043 1121 1242 1169 Testudo
1260 1123 1305 1170 in
1332 1126 1424 1173 hoc

142 1199 268 1246 secta.
289 1200 535 1260 Nuperque
554 1194 825 1258 portentosis
847 1195 1036 1259 ingeniis
1054 1197 1307 1261 principatu
1328 1201 1373 1246 N
1376 1218 1425 1247 e-

143 1272 270 1319 ronis
293 1270 533 1317 inventum
552 1304 566 1327 ,
596 1280 644 1314 ut
667 1268 907 1331 pigmentis
933 1269 1137 1331 perderet
1165 1269 1231 1330 se,
1265 1272 1426 1335 pluris-

73 1356 77 1359 '
143 1361 232 1408 que
259 1343 436 1391 veniret
465 1341 633 1387 imitata
662 1341 847 1404 lignum.
877 1340 949 1387 Sic
979 1340 1100 1389 leffis
1131 1343 1272 1405 pretia
1299 1361 1425 1408 quae-

143 1428 328 1463 runtur:
362 1416 421 1463 fic
449 1414 753 1461 terebinthum
789 1413 916 1460 vinci
947 1412 1136 1475 jubent,
1170 1416 1229 1463 fic
1264 1418 1427 1466 citrum

144 1489 380 1554 pretiosius
397 1487 522 1548 fieri,
543 1487 601 1535 fic
625 1504 725 1534 acer
753 1486 915 1549 decipi.
950 1487 1098 1534 Modo
1125 1487 1305 1538 luxuria
1331 1509 1428 1540 non

146 1562 291 1610 fuerat
309 1572 525 1610 contenta
546 1559 693 1624 ligno:
726 1558 815 1623 jam
833 1558 1005 1623 lignum
1026 1559 1145 1607 enim
1164 1578 1188 1608 e
1208 1563 1429 1612 testudine

145 1635 266 1682 facit.

235 1709 471 1757 LXXXV.
514 1708 621 1755 Vita
656 1707 869 1754 arborum
907 1707 1184 1770 quarundam
1220 1709 1431 1758 immensa

149 1783 271 1830 credi
288 1782 459 1846 potest,
485 1781 518 1829 fi
539 1781 638 1845 quis
655 1779 882 1844 profunda
899 1781 1056 1827 mundi
1078 1782 1128 1829 &
1146 1781 1279 1830 saltus
1304 1784 1430 1834 inac-

152 1854 291 1902 ceffos
328 1854 511 1918 cogitet.
536 1857 708 1900 Verum
737 1868 793 1899 ex
813 1853 880 1900 his
902 1870 1009 1917 quas
1039 1855 1258 1902 memoria
1279 1857 1431 1905 homi-

122 1948 129 1955 ·
153 1945 264 1975 num
289 1927 509 1985 custodit,
540 1927 699 1973 durant
728 1926 774 1972 in
803 1926 1037 1973 Liternino
1065 1925 1268 1974 Africani
1303 1931 1429 1993 prio—

153 2000 214 2047 ris
232 2017 368 2047 manu
387 1998 487 2046 satae
507 1998 659 2045 olivae.
686 2001 796 2044 Item
812 2009 990 2063 myrtus
1008 1999 1170 2046 eodem
1189 2000 1299 2049 loco
1320 2020 1429 2051 con·

155 2074 317 2137 spicuae
344 2073 675 2137 magnitudinis
702 2073 858 2120 Subest
881 2072 1059 2136 specus,
1084 2074 1130 2120 in
1159 2091 1253 2139 quo
1281 2094 1434 2126 manes

156 2146 249 2210 ejus
284 2147 504 2194 custodire
535 2147 674 2194 draco
707 2147 907 2194 traditur.
952 2148 1113 2194 Romae
1154 2165 1268 2196 vero
1309 2150 1432 2199 lotos

157 2223 204 2268 in
240 2223 421 2270 Lucinae
455 2241 582 2283 area,
619 2240 740 2271 anno
772 2224 852 2288 qui
877 2222 963 2271 fuit
985 2224 1076 2271 fine
1109 2225 1432 2288 magistratibus

158 2310 430 2345 CCCLxxlx
447 2298 600 2358 Urbis,
618 2298 712 2349 aede
735 2298 932 2358 condita,
951 2298 1175 2347 incertum
1192 2297 1281 2360 ipsa
1301 2316 1435 2363 quan·

160 2383 210 2417 to
230 2370 466 2418 vetustior.
496 2372 591 2418 Effe
613 2373 795 2436 quidem
819 2373 1111 2434 vetustiorem
1135 2388 1230 2418 non
1258 2372 1319 2419 est
1348 2374 1431 2422 du-

161 2443 282 2491 bium
295 2479 310 2503 ,
325 2461 427 2490 cum
442 2444 499 2490 ab
515 2460 571 2490 eo
587 2444 693 2491 luco
710 2445 880 2492 Lucina
898 2447 1177 2492 nominetur:
1197 2444 1292 2492 haec
1312 2463 1433 2496 nunc
