1653 2797
299 199 352 249 ᾗ).
559 180 1346 228 C.PL1N115E=CUND1

294 291 581 350 calciamina,
604 289 796 353 axesque
810 325 823 348 ,
845 271 1029 335 decoci}
1048 288 1184 352 ungi,
1205 300 1339 352 atque
1356 305 1575 336 vaeramen-

291 382 337 414 ta
372 378 529 414 contra
562 364 835 428 aeruginem,
869 361 1123 426 colorisque
1155 362 1295 426 gratia
1324 362 1575 426 elegantio-

291 441 353 486 ris
375 457 385 485 :
406 440 464 485 '&
497 450 640 484 totam
668 436 984 499 fimelleffilem
1013 435 1234 497 ligneam,
1260 451 1312 481 ac
1332 434 1438 481 vasa
1461 433 1575 481 fiffi-

293 513 350 559 lia
367 548 381 571 ,
415 512 462 558 in
486 511 612 574 queis
640 509 777 557 ficum
808 509 977 556 aridam
1000 507 1135 553 libeat
1155 507 1402 554 affervare:
1436 519 1514 554 aut
1538 507 1573 553 fi

294 585 405 631 folia
428 582 674 646 baccasque
705 582 752 628 in
779 581 919 645 virgis
946 580 1116 644 myrti:
1157 578 1338 624 aliudve
1358 578 1405 625 id
1435 595 1578 643 genus

294 656 444 703 [imile.
481 655 713 702 Postremo
754 653 872 717 ligna
907 663 1129 701 macerata
1162 666 1378 711 amurca,
1411 652 1577 698 nullius

294 727 404 775 fumi
434 727 571 773 taedio
600 726 767 772 ardere.
801 725 963 771 Oleam
995 724 1027 770 s1
1052 724 1294 771 lambendo
1331 742 1464 788 capra
1488 725 1579 771 lin-

290 820 377 866 gua
399 789 664 863 contigerit,
685 799 1010 861 depaveritque
1030 798 1179 859 primo
1200 799 1477 860 germinatu,
1491 799 1581 845 ste-

293 873 517 930 rilescere,
539 873 694 918 2111&oe
712 871 773 916 est
793 872 856 918 M.
875 873 1038 918 Varro.
1063 872 1119 916 Et
1140 871 1350 918 hacien'us
1376 871 1430 917 de
1450 871 1577 933 olea,

291 958 426 1009 atque
449 945 570 991 oleo

359 1019 436 1064 IX.
471 1016 654 1080 Reliqui
681 1016 899 1063 arborum
928 1016 1096 1064 fruchls
1124 1018 1211 1064 vix
1243 1017 1388 1081 specie
1416 1016 1583 1082 figura-

296 1106 388 1147 ve,
423 1106 519 1135 non
552 1091 694 1136 modo
733 1089 996 1151 saporibus,
1042 1089 1270 1153 succisque
1308 1090 1444 1137 toties
1478 1107 1584 1153 per-

297 1162 448 1208 mixtis
478 1174 610 1223 atque
641 1161 779 1207 infitis
800 1196 813 1219 ,
845 1162 1095 1206 enumerari
1131 1173 1314 1224 queunt.

383 1233 706 1280 Granciiffimus
751 1232 897 1295 pineis
927 1232 1150 1291 nucibus,
1187 1233 1480 1297 altiffimeque
1518 1233 1586 1280 su-

301 1306 479 1369 spensus
495 1343 510 1363 ,
539 1306 659 1352 intus
685 1305 821 1351 exiles
845 1305 1034 1352 nucleos
1055 1306 1271 1353 lacunatis
1299 1306 1488 1354 includit
1510 1318 1587 1353 to-

299 1381 391 1437 ris,
421 1378 607 1426 vestitos
650 1379 736 1425 alia
775 1378 1012 1441 ferruginis
1049 1379 1230 1437 tunica,
1267 1379 1379 1427 mira
1414 1392 1588 1426 naturae

301 1468 411 1513 cura
440 1450 639 1497 molliter
664 1451 829 1497 semina
863 1450 1133 1497 collocandi.
1175 1452 1345 1498 Harum
1371 1468 1508 1515 genus
1526 1452 1592 1498 al-

303 1537 447 1571 terum
475 1523 730 1582 terentinae,
761 1523 907 1586 digitis
942 1523 1087 1586 fragili
1120 1525 1377 1586 putamine,
1407 1525 1590 1572 avium·-

304 1615 393 1662 que
416 1597 543 1644 furto
572 1597 618 1643 in
647 1598 823 1643 arbore.
854 1596 1059 1643 Tertium
1079 1597 1313 1659 sappiniae,
1330 1615 1355 1644 e
1381 1599 1508 1661 picea
1531 1598 1593 1645 sa-

306 1671 428 1728 tiva,
451 1670 716 1716 nucleorum
747 1683 848 1717 cute
869 1669 1020 1716 verius
1040 1686 1173 1733 quam
1202 1670 1458 1733 putamine,
1479 1672 1594 1718 adeo

306 1743 467 1801 molli,
492 1754 542 1788 ut
580 1743 706 1788 simul
735 1742 985 1788 mandatur.
1040 1743 1267 1802 Quartum
1302 1744 1477 1808 pityida
1502 1762 1595 1792 vo·-

310 1829 414 1865 cant
444 1833 467 1862 e
493 1816 696 1879 pinastris
715 1851 729 1873 ,
763 1815 994 1878 singularis
1026 1816 1211 1862 remedii
1251 1817 1465 1864 adversus
1501 1818 1595 1865 tus—

310 1889 404 1936 fim.
437 1890 486 1934 In
520 1886 652 1934 melle
679 1888 892 1934 decocios
923 1888 1112 1935 nucleos
1143 1889 1332 1936 Taurini
1366 1889 1623 1953 aquicelos-

312 1973 497 2008 vocant.
539 1961 675 2007 Pinea
707 1977 882 2008 corona
910 1960 1106 2009 vistores
1131 1961 1250 2025 apud
1276 1961 1490 2009 Isthmum
1512 1978 1596 2010 co-

313 2045 548 2079 ronantur.

381 2107 441 2152 X.
456 2105 536 2151 His
556 2105 768 2168 proxima
785 2105 1081 2168 amplitudine
1101 2106 1239 2163 mala,
1259 2122 1361 2169 quae
1376 2124 1598 2155 vocamus

317 2191 512 2228 cotonea
529 2214 542 2236 ,
574 2180 626 2226 &
660 2179 813 2226 Graeci
840 2180 1043 2243 cydonia
1060 2215 1075 2237 ‚
1099 2195 1157 2224 ex
1187 2179 1323 2225 Creta
1350 2180 1490 2227 insula
1519 2180 1598 2227 ad-

317 2253 459 2302 vec‘ffl.
500 2252 769 2298 Incurvatos
817 2252 997 2298 trahunt
1043 2268 1224 2311 ramos,
1266 2253 1600 2316 prohibentque

318 2324 514 2373 crescere
546 2331 789 2388 parentem.
828 2324 960 2370 Plura
991 2339 1149 2370 eorum
1179 2341 1371 2387 genera:
1407 2325 1599 2389 chryso-

319 2400 463 2457 mela,
496 2397 695 2446 incisuris
727 2397 955 2455 distin&a‚
984 2397 1145 2443 colore
1182 2398 1239 2444 ad
1271 2415 1427 2444 aurum
1463 2398 1599 2445 incli-

323 2485 443 2520 nato.
494 2473 612 2533 Quae
658 2470 918 2520 candidiora
939 2505 954 2528 ,
993 2469 1207 2530 nostratia
1251 2471 1598 2533 cognominata,
