1653 2797
1393 153 1409 175 ὢ

270 191 327 251 78
494 182 1280 232 (1.1›L1N11sacuND1
1369 240 1381 253 .
1513 200 1522 225 ⁴

262 297 310 344 in
336 296 522 353 domOS,
553 292 742 340 fulmine
774 292 866 341 sola'
887 307 984 338 non
1003 291 1152 337 icitur.
1178 289 1264 337 Ob'
1288 289 1366 338 has
1393 289 1542 342 causas

261 367 467 432 equidem
486 365 774 424 crediderim,
796 365 1022 411 honorem
1041 362 1082 409 ei
1099 362 1298 409 habitum
1315 363 1362 409 in
1380 364 1540 411 trium-

261 443 359 505 phis
392 439 570 504 potius,
599 455 735 503 quam
763 438 867 501 quia
891 436 1191 484 suffimentum
1216 435 1269 482 fit
1297 436 1429 483 caedis
1456 437 1540 482 ho-

262 517 391 563 stium
412 515 464 561 &
487 512 694 577 purgatio
712 547 726 570 ,
758 522 807 557 ut
825 509 958 557 tradit
982 508 1215 557 Masurius.
1245 509 1466 573 Adeoque
1492 510 1541 556 in

261 587 462 653 profanis
493 585 641 632 usibus
673 583 821 647 pollui
863 582 1038 629 laurum
1068 584 1117 631 δέ
1158 583 1306 630 oleam
1340 582 1405 630 fas
1445 588 1542 629 non

263 662 354 720 est,
393 671 445 707 ut
473 675 528 705 ne
556 655 855 721 propitiandis
888 654 1069 716 quidem
1098 653 1357 700 numinibus
1383 668 1546 699 accen-

260 736 306 782 di
323 751 380 781 ex
401 733 471 780 his
491 731 645 778 altaria
666 746 814 776 araeve
831 728 1032 775 debeant.
1066 730 1232 774 Laurus
1250 727 1432 790 quidem
1450 742 1543 772 ma-
1570 779 1573 783 »
1629 719 1641 736 ⁴

261 806 425 854 nifesto
457 803 633 851 abdicat
667 803 790 865 ignes
821 801 1020 864 crepitu,
1057 801 1108 847 δε
1135 800 1323 863 quadam
1353 797 1542 846 detesta-

261 881 389 926 tione
411 898 420 924 :
449 877 786 923 interaneorum
810 874 944 920 etiam
970 873 1084 921 vitia
1106 874 1158 921 &
1182 889 1434 922 nervorum
1456 872 1545 936 lig-

262 970 325 1000 no
360 960 619 1013 torquente.
669 947 901 993 Tiberium
940 946 1191 1010 principem
1227 958 1415 994 tonante
1455 963 1545 993 cae-
1600 958 1601 961 ’

264 1028 310 1072 lo
348 1022 560 1071 coronari
608 1038 659 1068 ea
693 1019 875 1067 solitum
910 1019 1060 1067 ferunt
1098 1032 1257 1068 contra
1303 1020 1544 1068 fulminum

265 1110 422 1144 metus.
1537 1153 1541 1157 ἢ

329 1172 440 1216 Sunt
481 1185 536 1215 ex
577 1169 698 1215 circa
733 1168 914 1216 Divum
955 1168 1206 1231 Augustum
1245 1181 1410 1216 eventa
1450 1169 1544 1231 ejus

266 1245 398 1307 digna
428 1254 694 1288 memoratu.
749 1241 957 1303 Namque
993 1239 1137 1287 Liviae
1170 1240 1411 1299 Drusillae,
1442 1258 1544 1304 quae

262 1315 416 1380 postea
448 1310 645 1377 Augusta
683 1314 961 1360 matrimonii
997 1330 1167 1360 nomen
1202 1314 1403 1377 accepit,
1439 1331 1541 1361 cum

265 1388 390 1451 paena
416 1387 520 1432 esset
542 1385 618 1442 illa
646 1385 838 1444 Caesari,
869 1384 1078 1449 gallinam
1113 1385 1346 1448 conspicui
1372 1388 1542 1434 cando-

267 1462 326 1507 ris
361 1458 527 1504 sedenti
561 1458 708 1520 aquila
743 1475 797 1503 ex
828 1458 920 1504 alto
957 1457 1121 1520 abjecit
1155 1458 1202 1504 in
1238 1459 1455 1522 gremium
1486 1459 1543 1506 il-

267 1532 440 1578 laesam:
478 1531 786 1594 intrepideque
822 1531 1000 1577 miranti
1032 1530 1209 1579 acceffit
1243 1531 1543 1590 miraculum,

265 1603 482 1668 quoniam
517 1615 688 1649 teneret
717 1603 865 1649 rostro
895 1603 1093 1649 laureum
1129 1619 1303 1649 ramum
1332 1602 1542 1650 onustum

266 1679 352 1725 suis
385 1677 546 1724 baccis.
580 1676 855 1724 Conservari
891 1676 1040 1723 alitem
1071 1676 1120 1723 &
1153 1674 1356 1723 sobolem
1386 1675 1543 1738 jussere

254 1750 512 1813 aruspices,
548 1765 811 1813 ramumque
849 1766 952 1795 eum
981 1747 1087 1808 seri,
1120 1765 1170 1795 ac
1200 1748 1284 1794 rite
1315 1749 1542 1796 custodiri.

267 1823 410 1884 Quod
443 1821 605 1869 fafilum
630 1822 758 1868 estin
784 1821 895 1869 villa
926 1821 1174 1880 Caesarum,
1211 1820 1358 1869 fluvio
1387 1823 1543 1870 Tiberi

269 1896 476 1960 imposita
503 1894 628 1958 juxta
656 1913 831 1942 nonum
855 1895 1045 1958 lapidem
1070 1895 1278 1942 Flaminia
1309 1896 1412 1955 via,
1441 1915 1543 1961 quae

269 1971 331 2016 ob
368 1969 415 2016 id
443 1981 638 2017 vocatur
670 1970 738 2016 Ad
772 1969 979 2033 gallinas:
1013 1970 1211 2033 mireque
1240 1969 1349 2016 filva
1371 1987 1544 2033 prove-

269 2044 348 2090 nit.
375 2044 444 2088 Ex
480 2059 531 2088 ea
569 2043 853 2106 triumphans
891 2042 1045 2105 postea
1075 2041 1250 2101 Caesar,
1289 2042 1461 2091 laurum
1493 2045 1541 2091 in

268 2133 403 2163 manu
432 2116 604 2173 tenuit,
627 2132 932 2179 coronamque
963 2116 1107 2179 capite
1132 2115 1281 2180 geffit:
1308 2133 1359 2164 ac
1383 2117 1542 2170 deinde

268 2191 563 2252 Imperatores
583 2187 775 2234 Caesares
805 2188 967 2235 cunffi.
996 2187 1293 2252 Traditusque
1313 2206 1413 2237 mos
1446 2188 1507 2235 est
1525 2224 1540 2247 ,

268 2277 442 2320 ramos,
477 2277 594 2324 quos
613 2270 883 2318 tenuerunt,
920 2260 1122 2319 serendi,
1155 2263 1203 2309 &
1229 2261 1390 2308 durant
1417 2259 1540 2307 filvae

271 2333 530 2380 nominibus
571 2333 657 2380 suis
699 2331 898 2380 discretae
920 2370 935 2389 ,
977 2332 1168 2380 sortaffis
1213 2334 1317 2380 ideo
1358 2332 1541 2379 mutatis

270 2405 622 2468 triumphalibus.
656 2406 801 2453 Unius
837 2405 1050 2452 arborum
1079 2405 1235 2452 Latina
1266 2405 1416 2468 lingua
1451 2421 1541 2451 no-

271 2495 374 2526 men
397 2477 648 2542 imponitur
673 2475 799 2528 viris.
820 2477 963 2529 Unius
982 2476 1092 2527 folia
1115 2476 1441 2541 distinguuntur
1457 2493 1538 2540 ap-
