1653 2797
263 247 354 278 220
411 231 464 277 C.
484 229 659 276 PLINII
680 228 914 275 NATUR.
935 226 1172 274 HISTOR.
1194 228 1294 275 LIB.
1314 227 1458 274 XVIr.

255 356 380 402 aquae
409 337 508 401 pari
536 336 777 400 portione,
811 335 1025 399 quoniam
1050 352 1129 398 per
1157 334 1200 381 se
1234 346 1407 381 noceat.
1440 333 1531 380 Alii

258 412 447 459 volucre
485 409 904 474 appellantranimal
945 410 1204 472 praerodens
1241 406 1530 471 pubescentes

254 502 391 533 uvas:
419 485 543 549 quod
571 501 625 530 ne
654 484 847 541 accidat,
872 482 1034 541 falces,
1066 500 1167 530 cum
1196 482 1280 527 sint
1308 496 1533 537 exacutae,

253 556 414 603 fibrina
440 556 554 619 pelle
579 556 805 619 detergent
822 591 835 612 ‚
862 566 990 617 atque
1021 555 1081 600 ita
1110 565 1290 617 putant:
1317 552 1531 616 sanguine

253 632 404 678 ursino
433 629 553 676 liniri
581 629 748 676 volunt
778 627 878 691 post
900 628 1179 689 putationem
1206 626 1389 673 easdem.
1417 627 1533 671 Sunt

253 703 462 749 arborum
496 701 635 764 pestes
661 703 711 748 &
743 700 956 746 formicae.
996 701 1086 746 Has
1118 700 1326 763 abigunt,
1355 698 1533 744 rubrica

254 792 305 820 ac
327 775 424 837 pice
452 772 620 835 liquida
651 772 872 833 perunctis
910 770 1201 818 caudicibus:
1245 787 1325 816 nec
1358 786 1454 815 non
1485 771 1535 816 &

256 845 374 907 pisce
406 842 613 906 suspenso
642 841 768 903 juxta
797 843 844 888 in
878 860 1018 890 unum
1047 843 1201 889 locum
1229 855 1533 905 congregant:

252 931 327 965 aut
356 917 516 980 lupino
556 916 665 961 trito
699 933 803 962 cum
838 917 945 963 oleo
979 916 1149 962 radices
1188 913 1348 962 linunt.
1399 914 1536 960 Multi

253 993 303 1038 &
330 990 467 1053 talpas
489 1007 666 1036 amurca
689 1001 849 1037 necant
867 1008 876 1036 :
902 1001 1149 1053 contraque
1170 1005 1346 1046 erucas,
1367 988 1417 1035 &
1439 1004 1535 1033 ma-

254 1065 294 1109 la
324 1080 380 1108 ne
410 1061 689 1125 putrescant,
723 1062 899 1108 lacertae
934 1062 1093 1109 viridis
1122 1061 1224 1108 felle
1256 1061 1375 1124 tangi
1405 1077 1535 1107 cacu-

253 1135 373 1182 mina
390 1133 560 1196 jubent.
587 1133 804 1179 Privatim
832 1146 979 1180 autem
1007 1145 1165 1180 contra
1194 1149 1344 1179 erucas
1375 1131 1536 1179 ambiri

254 1207 437 1254 arbores
471 1204 660 1268 singulas
694 1222 719 1252 a
753 1205 937 1251 muliere
972 1204 1147 1252 incitati
1179 1203 1371 1261 mensis,
1402 1202 1535 1249 nudis

251 1280 468 1344 pedibus,
497 1277 704 1324 recinua.
733 1281 842 1325 Item
863 1297 918 1326 ne
950 1279 1076 1344 quod
1107 1277 1270 1325 'animal
1290 1276 1416 1340 pastu
1445 1292 1534 1321 ma-

251 1354 386 1402 lefico
413 1354 621 1415 decerpat
651 1350 858 1399 frondem
880 1389 893 1411 ,
920 1351 1029 1399 fimo
1050 1352 1189 1406 boum
1219 1350 1365 1397 diluto
1387 1349 1534 1412 asper-

254 1427 298 1490 gi
330 1426 466 1483 folia,
502 1424 679 1488 quoties
710 1424 853 1471 imber
887 1424 1187 1482 interveniat,
1215 1422 1434 1486 quoniam
1472 1421 1534 1469 ita

252 1499 456 1546 abluatur
489 1498 616 1543 virus
646 1497 983 1544 medicaminis:
1021 1498 1134 1544 mira
1157 1496 1361 1559 quaedam
1396 1509 1537 1541 exco-

253 1572 418 1634 gitante
453 1568 631 1615 solertia
663 1569 867 1614 humana.
901 1569 1085 1631 Quippe
1126 1586 1230 1615 cum
1265 1566 1411 1615 averti
1438 1583 1537 1613 car-

252 1643 373 1690 mine
393 1640 623 1706 grandines
655 1640 837 1686 credant
866 1639 1097 1703 plerique:
1136 1638 1260 1700 cujus
1292 1638 1433 1684 verba
1459 1637 1534 1684 in-

256 1716 397 1763 serere
426 1732 521 1761 non
552 1712 757 1777 equidem
789 1712 902 1759 serio
934 1712 1069 1758 aufim
1088 1747 1101 1769 ‚
1123 1724 1378 1774 quanquam
1404 1726 1428 1754 a
1445 1709 1537 1755 Ca·-

255 1802 364 1836 tone
406 1787 615 1851 prodita,
659 1798 818 1833 contra
853 1786 1004 1832 luxata
1040 1784 1241 1831 membra
1263 1818 1276 1840 ,
1309 1781 1537 1845 jungenda

256 1862 525 1910 arundinum
554 1857 727 1906 fiffurae.
760 1859 880 1905 Idem
914 1858 1096 1905 arbores
1129 1855 1356 1920 religiosas
1386 1853 1537 1901 lucos-

255 1954 343 2001 que
377 1934 541 1982 succidi
582 1933 809 1997 permifit,
844 1932 1064 1980 sacrificio
1103 1931 1226 1995 prius
1260 1930 1404 1977 facto:
1455 1946 1537 1975 cu-

255 2008 324 2071 jus
370 2008 439 2054 rei»
477 2005 700 2053 rationem
740 2005 1139 2069 precationemque
1187 2004 1348 2052 eodem
1395 2001 1538 2051 volu-

254 2081 375 2129 mine
414 2080 608 2128 tradidit.
