1653 2797
355 115 622 166 NATUR.
658 114 946 162 HisToa.
986 114 1291 161 L113.XV1‚
1342 146 1349 153 .
1413 113 1472 172 37

194 241 387 273 coronas
416 242 525 273 auro
545 223 940 280 commendarent,
967 222 1151 270 salutem
1174 221 1288 270 civis
1304 220 1352 267 in
1371 237 1469 282 pre-

194 298 259 346 tio
287 298 371 346 effe
399 296 658 354 noluerint:
691 293 805 350 clare
835 294 1044 358 profesti,
1073 290 1128 342 ne
1163 293 1332 342 servari
1366 292 1470 357 qui-2

193 362 294 416 dem
328 369 560 416 hominem
585 366 650 421 fas
674 366 758 417 effe
791 367 903 414 lucri
932 367 1072 427 causa,

257 441 332 487 VI.
361 437 563 497 vGlandes
586 454 697 501 opes
729 437 813 484 effe
843 454 966 484 nunc
1006 454 1190 502 quoque
1228 435 1473 484 multarum

191 510 412 575 gentium,
431 508 564 556 etiam
584 527 695 573 pace
722 509 1005 574 gaudentium
1022 545 1035 568 ‚
1056 509 1243 556 constat.
1264 510 1307 555 N
1311 525 1361 555 ec
1376 524 1473 554 non

191 587 240 632 &
266 583 422 647 inopia
457 583 637 648 frugum
671 583 869 631 arefaffis
897 584 1084 630 molitur
1115 583 1286 642 farina,
1319 583 1472 646 spiss‘a-

139 709 144 715 ,
183 668 348 722 ,turque
381 657 428 704 in
457 658 583 721 panis
609 659 748 706 usum.
789 659 916 720 Quin
948 660 997 707 δέ
1030 659 1256 723 hodieque
1288 676 1368 721 per
1385 657 1471 703 Hi-
1513 706 1515 709 ,

185 730 385 795 spanias,
421 731 623 781 secundis
653 733 813 781 menfis
860 732 983 797 glans
1016 731 1248 793 inferitum
1275 730 1470 778 Dulcior

181 805 341 861 ‘eadem
363 805 411 852 in
430 805 577 853 cinere
595 807 723 854 tosta.
743 808 939 854 Cautum
960 805 1021 853 est
1040 818 1253 870 praeterea
1275 805 1371 869 lege
1391 817 1468 849 ΧΠ

186 878 460 937 tabularum,
493 892 544 926 ut
568 879 774 944 glandem
797 880 844 926 in
868 875 1064 926 alienum
1098 879 1286 926 fundum
1314 876 1468 940 proci-

187 950 368 997 dentem
396 951 549 999 liceret
573 951 800 1015 colligere.
825 952 1004 999 Genera
1026 969 1180 999 earum
1202 950 1355 998 multa.
1376 949 1468 996 Di-

184 1022 299 1080 stant
326 1022 498 1083 fruftu,
534 1024 651 1083 situ,
685 1023 819 1082 sexu,
850 1023 1022 1087 sapore,
1055 1026 1262 1088 Namque
1290 1023 1373 1070 alia
1398 1021 1468 1068 fa·-

171 1112 279 1166 ,geae
303 1095 454 1160 glandi
486 1095 652 1161 figura,
672 1096 772 1143 -alia
792 1114 1000 1159 quernae,
1034 1099 1082 1145 ὃς
1103 1096 1187 1142 alia
1208 1096 1376 1159 ilignae:
1400 1107 1468 1141 at-

184 1185 272 1232 que
297 1169 414 1216 inter
433 1169 476 1216 se
509 1186 698 1234 quoque
727 1186 937 1234 generum
963 1169 1242 1234 singulorum
1264 1168 1467 1214 differen-

183 1242 271 1291 tiae,
322 1243 538 1289 Praeterea
575 1242 675 1289 sunt
714 1243 874 1306 aliquae
913 1242 1162 1300 silvestres,
1195 1241 1291 1295 aliae
1325 1240 1466 1304 placi-

184 1316 353 1374 diores,
372 1333 471 1380 quae
490 1316 608 1362 culta
623 1317 843 1363 obtinent.
867 1317 959 1363 Jam
978 1314 1112 1362 etiam
1129 1315 1176 1360 in
1196 1313 1467 1371 montuosis,

185 1390 410 1453 planisque
433 1388 617 1436 distant:
653 1390 763 1437 ficut
785 1391 835 1437 δέ
864 1389 970 1436 sexu
1000 1407 1141 1437 mares
1173 1406 1223 1436 ac
1255 1388 1465 1435 feminee:

182 1463 290 1509 item
315 1461 486 1526 sapore.
523 1462 790 1510 Dulciffima
821 1463 1028 1509 omnium
1049 1461 1167 1526 fagi,
1193 1474 1243 1509 ut
1268 1479 1355 1526 qua
1381 1462 1465 1508 ol)-

184 1534 314 1581 seffos
344 1535 478 1581 etiam
507 1534 713 1582 homines
751 1534 917 1581 durass'e
952 1535 999 1580 in
1029 1534 1204 1598 oppido
1233 1534 1352 1581 Chio
1374 1546 1465 1580 tra-

183 1609 257 1655 dat
285 1607 528 1655 Cornelius
562 1607 829 1656 Alexander.
864 1610 1042 1655 Genera
1066 1607 1334 1672 distinguere
1369 1624 1466 1654 non

183 1682 311 1729 datur
341 1680 627 1739 nominibus,
662 1698 763 1745 quae
783 1681 885 1728 sunt
910 1681 993 1728 alia
1013 1681 1132 1729 alibi.
1158 1681 1343 1744 Quippe
1362 1698 1465 1728 cum

182 1755 324 1802 robur
351 1770 658 1819 quercumque
678 1753 821 1818 vulgo
846 1753 964 1801 nasci
983 1754 1214 1802 videamus
1230 1791 1243 1813 ‚
1269 1753 1465 1801 esculum

185 1844 280 1874 uon
311 1826 491 1890 ubique.
518 1829 738 1888 Quartam
761 1844 876 1882 vero
903 1828 1073 1891 generis
1111 1826 1330 1889 ejusdem,
1363 1846 1466 1891 quae

184 1915 335 1946 cerrus
360 1911 553 1946 vocatur
569 1935 582 1956 ‚
611 1915 666 1945 ne
686 1898 823 1946 Italiae
851 1899 1032 1963 qui-:lem
1059 1898 1231 1961 majore
1261 1916 1317 1946 ex
1341 1913 1465 1963 parte

184 1984 339 2019 notam
366 1972 463 2027 effe.
492 1971 830 2036 Distinguemus
867 1990 975 2038 ergo
996 1973 1269 2037 proprietate
1289 2011 1302 2033 ,
1331 1986 1464 2021 natu-

183 2060 341 2107 raque:
370 2044 420 2092 &
447 2044 525 2091 ubi
551 2061 621 2092 res
645 2057 805 2109 coget,
838 2045 969 2092 etiam
991 2046 1162 2094 Graecis
1186 2047 1464 2095 nominibus.

247 2119 344 2165 VII.
365 2119 466 2182 Fagi
488 2118 613 2182 glans
639 2119 807 2166 nucleis
826 2120 1003 2177 similis,
1030 2121 1247 2185 triangula
1273 2133 1373 2169 cute
1393 2122 1465 2167 in-

185 2189 389 2237 cluditur.
407 2191 584 2238 Folium
603 2202 755 2250 tenue,
770 2203 902 2256 atque
921 2210 943 2239 e
961 2192 1397 2257 leviffimis,populo
1415 2192 1465 2238 fi-

183 2264 314 2323 mile,
334 2266 560 2314 celerrime
580 2263 852 2315 flavescens:
885 2269 932 2314 ὅ(
951 2268 1096 2314 media
1115 2278 1238 2330 parte
1266 2265 1465 2328 plerum-¹

185 2355 272 2402 que
292 2339 477 2404 gignens
493 2340 678 2404 superne
698 2343 933 2406 parvulam
953 2343 1134 2389 baccam
1162 2339 1465 2398 viridem‚ca-

186 2413 362 2460 cumino
377 2413 635 2463 aculeatam.
650 2419 679 2462 F
684 2416 754 2480 agi
775 2416 897 2480 glans
916 2415 1114 2462 muribus
1138 2412 1375 2475 gratiffima
1390 2411 1467 2465 est,

1141 2489 1169 2531 F
1194 2504 1223 2542 4
