1653 2797
257 228 345 279 216
522 227 576 275 C.
629 226 895 275 PLINII
947 227 1313 277 SECUNDI

249 335 397 397 fruges
429 333 634 391 aluntur,
662 335 711 381 &
738 333 889 397 riguus
920 350 1003 396 pro
1033 334 1205 382 sarculo
1239 334 1313 382 est.
1368 338 1415 381 In
1449 353 1532 384 eo-

248 410 349 460 dem
393 424 500 471 agro
534 408 692 454 bruma
714 443 727 464 ‚
759 418 887 453 tanto
925 407 1063 471 magis
1100 408 1131 454 fi
1165 408 1294 455 nives
1331 406 1530 471 jaceant,

248 480 426 543 geletve
443 516 455 537 ,
481 497 536 526 ne
564 480 698 544 frigus
725 479 840 526 Vites
873 481 1025 526 adurat
1043 516 1056 538 ,
1078 480 1443 529 circumfundunt
1471 484 1533 528 ri-

248 552 371 616 gui<9
396 553 519 616 quod
548 553 608 598 ibi
639 552 834 614 tepidare
866 570 1061 602 vocant:
1093 554 1373 603 memorabili
1402 566 1531 600 natu-

271 626 367 670 ain
392 643 520 672 amne
550 626 663 673 solo,
707 626 790 672 Sed
814 626 930 672 idem
953 626 1095 675 aestate
1116 627 1196 674 vix
1219 625 1440 673 tolerandi
1471 625 1548 673 riv

248 699 383 761 goris.
1035 738 1039 744 .

259 794 266 797 ·
312 774 355 818 §f
361 773 445 818 LII.
468 770 747 817 Carbunculi
772 788 821 818 ac
844 770 1100 833 rubiginum
1122 772 1316 818 remedia
1344 773 1527 818 demon-

245 842 476 888 {stabimus
513 841 748 888 volumine
784 842 1014 904 proximo.
1062 842 1242 889 Interim
1289 842 1349 888 est
1395 844 1528 890 sacri-

245 913 398 959 ficatio
448 913 649 974 quaedam
683 912 726 958 in
762 913 1003 959 remediis:
1051 930 1153 959 cum
1202 913 1343 960 macie
1387 915 1528 964 corti-

247 987 310 1032 cis
347 1001 403 1030 ex
442 983 702 1045 aegritudine
742 984 1036 1047 adstringente
1074 984 1147 1042 se,
1178 984 1387 1048 justoque
1422 985 1522 1048 plus
1580 1015 1595 1021 κ

246 1058 405 1105 vitalia
423 1057 634 1102 arborum
655 1058 982 1119 comprimente
996 1094 1009 1115 ,
1031 1059 1227 1104 exactam
1244 1057 1368 1109 falcis
1386 1059 1526 1105 aciem

244 1142 434 1193 utraque
460 1145 595 1174 manu
618 1129 946 1191 imprimentes,
968 1129 1190 1192 perpetuis
1220 1129 1422 1176 incisuris
1451 1131 1528 1176 de-

242 1203 445 1258 ducunt,
468 1218 519 1246 ac
542 1201 687 1246 veluti
721 1214 867 1247 cutem
896 1201 1057 1246 laxant.
1089 1201 1285 1248 Salutare
1308 1201 1527 1261 id·fuiffe‚

244 1283 511 1336 argumento
549 1271 647 1317 sunt
685 1272 876 1323 dilatatae
919 1272 1180 1331 cicatrices,
1212 1275 1262 1320 ὃς
1295 1273 1521 1323 internato

241 1364 439 1409 corpore
468 1346 671 1409 expletae.

309 1423 465 1467 XLIII.
486 1423 738 1484 Magnaque
765 1438 821 1466 ex
842 1432 966 1483 parte
997 1419 1145 1467 fimilis
1169 1419 1408 1467 hominum
1430 1437 1526 1466 me-

241 1495 391 1541 dicina
419 1496 470 1540 &
501 1494 714 1543 arborum
741 1495 830 1551 est,
853 1494 1032 1556 quando
1061 1511 1213 1540 earum
1243 1511 1426 1559 quoque
1454 1506 1524 1541 te-

241 1566 475 1611 rebrantur
507 1565 611 1610 offa.
648 1564 911 1627 Amygdalae
938 1580 994 1609 ex
1023 1564 1182 1610 amaris
1208 1564 1360 1610 dulces
1385 1563 1523 1623 fiunt,

239 1638 274 1684 fi
307 1636 594 1684 circumfosso
625 1635 798 1697 stipite,
830 1637 879 1682 &
910 1635 964 1680 ab
998 1635 1085 1681 ima
1118 1648 1241 1698 parte
1275 1636 1523 1683 circumfo-

238 1726 341 1759 rato
372 1710 568 1758 defluens
599 1709 757 1772 pituita
787 1709 1098 1773 abstergeatur.
1135 1712 1191 1756 Et
1218 1709 1350 1756 ulmis
1381 1709 1522 1756 detra-

237 1784 366 1831 hitur
402 1782 556 1829 succus
594 1781 788 1839 inutilis,
820 1780 947 1844 supra
985 1793 1146 1826 terram
1186 1779 1341 1828 foratis
1383 1780 1522 1844 usque

239 1856 297 1903 ad
324 1854 598 1901 medullam
588 1871 635 1900 m
669 1853 868 1912 senefia,
897 1866 974 1900 aut
999 1871 1099 1901 cum
1128 1853 1341 1900 alimento
1378 1854 1520 1900 nimio

237 1930 466 1976 abundare
488 1928 753 1975 sentiuntur.
786 1928 906 1974 Idem
925 1930 975 1976 &
993 1925 1186 1974 ficorum
1212 1927 1391 1991 turgido
1414 1944 1519 1975 cor-u

238 2001 328 2048 tice
360 1999 563 2048 incisuris
595 2000 641 2045 in
680 1987 943 2063 obliquum
959 1999 1134 2047 levibus
1177 1999 1424 2046 emittitur:
1458 2001 1520 2046 ita

238 2074 292 2121 fit
311 2092 366 2121 ne
392 2075 599 2121 decidant
622 2073 804 2120 fr.u&us
822 2073 1100 2132 Pomfferis,
1120 2090 1269 2137 quaet,
1244 2073 1517 2133 verminant,

238 2163 325 2193 nec
358 2146 506 2192 ferunt
534 2146 754 2203 sruCtum,
777 2145 866 2193 fiffa
891 2147 1038 2194 radice
1070 2145 1235 2193 inditur
1243 2112 1401 2208 tlapis,
1425 2145 1516 2192 fer-

238 2219 423 2282 tilesque
459 2218 585 2265 fiunt.
622 2221 722 2266 Hoc
755 2220 871 2266 idem
901 2222 952 2268 δε
983 2218 1259 2283 amyodalis,
1292 2235 1316 2264 e
1347 2218 1516 2265 robore

238 2308 389 2339 cuneo
426 2292 595 2338 adacto.
634 2293 682 2336 111
716 2291 823 2353 puis
855 2291 1164 2355 s01bisque‚e
1196 2291 1330 2350 teda,
1361 2308 1412 2341 ac
1447 2290 1514 2337 ci-

239 2381 347 2414 nere
377 2366 426 2411 &
462 2375 576 2410 terra
609 2377 846 2426 cooperto.
894 2365 1037 2410 Etiam
1071 2364 1240 2411 radices
1276 2363 1511 2411 circumci-

239 2438 345 2483 disse
373 2436 552 2501 prodest
579 2436 741 2483 vitium
771 2437 1096 2483 luxuriantium
1125 2435 1431 2498 ficorumque,
1462 2437 1511 2482 Sc

239 2510 509 2559 circumcifis
536 2510 729 2559 cinerem
759 2509 982 2558 addidiffe.
1028 2509 1120 2559 Fici
1145 2507 1349 2557 serotina:
1379 2505 1509 2567 fiunt,
