1653 2797
306 152 1258 203 NATUR.H13TOR.L113.XX.
1333 167 1427 217 379

140 264 381 319 philistion
401 264 448 310 in
465 263 574 312 la&e
592 261 751 325 coquit
765 297 778 319 ‚
809 263 859 310 &
876 261 932 309 ad
947 261 1239 326 stranguriam
1257 261 1333 308 dat
1353 278 1427 308 ra·-

143 339 254 386 dicis
272 338 431 385 uncias
447 348 662 401 quatuor:
691 352 747 382 ex
766 352 882 398 aqua
907 335 1170 401 hydropicis
1186 371 1200 394 ‚
1230 335 1426 391 similiter

143 414 194 459 &
221 409 569 474 opisthotonicis
588 445 602 467 ‚
633 409 683 456 &
717 406 995 470 pleuritici3‚
1032 409 1083 456 &
1108 407 1429 455 comitialibus.

141 485 364 531 Habentes
389 499 485 528 eam
513 480 635 528 feriri
651 498 676 527 a
691 479 969 542 serpentibus
987 496 1236 543 negantur:
1254 493 1329 527 aut
1349 479 1428 544 qui

144 568 247 603 ante
279 554 588 619 gustaverint,
628 570 724 600 non
759 553 873 599 laedi.
922 553 1135 600 Percuffis
1176 553 1427 616 imponitur

144 645 248 675 cum
267 628 475 691 axungia.
512 627 635 674 Folia
671 638 832 674 contra
859 626 1102 674 cruditates
1141 628 1427 674 manduntur.

140 685 373 784 Orpheus
382 702 649 750 amatorium
665 700 801 748 inesse
818 700 1078 765 staphylino
1101 701 1243 759 dixit,
1263 699 1428 746 fortas-

143 775 198 822 fis
231 776 451 840 quoniam
487 779 708 823 Venerem
740 775 953 822 stimulari
984 774 1074 822 hoc
1109 773 1213 821 cibo
1257 785 1430 820 certum

144 849 240 896 est:
278 850 383 897 ideo
417 863 664 913 conceptus
701 849 909 912 adjuvari
945 849 1085 913 aliqui
1117 848 1430 912 prodiderunt.

147 922 218 969 Ad
247 923 421 987 reliqua
450 925 500 970 δε
530 923 671 971 sativa
698 923 856 986 pollet.
897 923 1137 971 Efficacior
1172 933 1321 969 tamen
1354 922 1429 968 sil-

148 994 303 1041 vestris
322 1031 338 1054 ‚
377 995 603 1060 magisque
632 997 678 1042 in
712 996 900 1059 petrosis
929 1008 1046 1044 nata.
1079 997 1239 1043 Semen
1274 995 1431 1043 sativae

146 1084 329 1132 quoque
351 1080 511 1115 contra
543 1067 837 1132 scorpionum
857 1069 990 1128 icius,
1020 1086 1077 1116 ex
1107 1068 1222 1116 vino
1250 1080 1328 1116 aut
1346 1086 1432 1132 po-

147 1141 248 1201 sca,
265 1141 452 1189 salutare
482 1143 557 1191 est.
582 1143 750 1191 Radice
769 1142 864 1205 ejus
895 1142 1222 1207 circumscalpti
1251 1144 1430 1203 dentes,

146 1214 310 1262 dolore
337 1215 595 1262 liberantur.

210 1288 336 1334 XVI.
373 1287 508 1351 Syria
536 1288 584 1334 in
611 1288 756 1336 hortis
786 1288 1091 1353 operofiffima
1111 1288 1200 1336 est:
1237 1288 1433 1352 indeque

145 1358 446 1420 proverbium
470 1360 670 1407 Graecis:
700 1361 841 1408 Multa
867 1364 1094 1428 Syrorum
1114 1361 1251 1408 olera.
1280 1359 1433 1407 Simil-

149 1430 302 1477 limam
322 1430 583 1496 staphylino
604 1433 788 1481 herbam
806 1434 927 1494 serit,
947 1454 1081 1500 quam
1103 1435 1178 1482 alii
1194 1434 1433 1500 gingidion

150 1516 326 1550 vocant
344 1540 358 1563 ‚
394 1505 571 1553 tenuius
596 1518 772 1555 tantum
807 1511 859 1558 δε
885 1504 1075 1556 amarius
1094 1546 1108 1568 ,
1146 1508 1435 1572 ejusdemque

149 1577 340 1626 effectus,
372 1579 499 1626 Estur
523 1582 702 1629 coctum
729 1583 1006 1645 crudumque
1034 1582 1252 1629 stomachi
1273 1598 1434 1645 magna

149 1651 354 1700 utilitate,
389 1653 535 1700 Siccat
563 1654 686 1700 enim
706 1671 762 1700 ex
782 1655 876 1702 alto
899 1672 1057 1701 omnes
1084 1653 1179 1716 ejus
1203 1655 1432 1701 humoreS.

114 1717 118 1722 ’
213 1725 358 1772 XVII.
388 1725 504 1773 Siser
529 1728 769 1774 erraticum
800 1727 948 1775 sativo
982 1728 1122 1775 simile
1156 1728 1244 1787 est,
1286 1730 1335 1775 &
1365 1727 1435 1773 ef«

149 1797 298 1845 seciuz
344 1799 625 1849 stomachum
665 1802 863 1860 excitat,
909 1799 1137 1848 fastidium
1179 1800 1433 1865 absterget,

150 1886 210 1916 ex
226 1882 354 1918 aceto
374 1871 642 1936 laserpitiato
664 1874 854 1928 sumtum
869 1911 883 1933 ‚
904 1886 979 1921 aut
999 1891 1055 1920 ex
1074 1873 1227 1937 pipere
1246 1875 1296 1920 ὅ(
1316 1874 1436 1923 mul·-

150 1943 202 1991 so
223 1980 237 2002 ‚
269 1945 347 1991 vel
378 1962 434 1992 ex
464 1963 588 2010 garo,
619 1948 810 1994 Urinam
843 1947 960 2006 ciet,
983 1959 1033 1994 ut
1060 1947 1221 2010 Opion
1259 1947 1400 1994 credit
1422 1983 1436 2005 ‚

150 2020 203 2067 &
216 2021 456 2066 Venerem.
477 2023 527 2066 In
545 2021 698 2066 eadem
723 2020 937 2066 sententia
953 2020 1015 2066 est
1032 2021 1082 2067 &
1097 2019 1301 2068 Diocles.
1319 2021 1438 2066 1³2-ae-

151 2104 277 2140 terea
311 2092 439 2139 cordi
468 2093 717 2140 convenire
752 2091 1195 2149 convalescentium,
1226 2104 1304 2139 aut
1336 2091 1436 2155 post

153 2164 314 2211 multas
344 2164 625 2216 vomitiones
645 2182 863 2229 perquam
878 2164 1001 2212 utile.
1036 2166 1296 2212 Heraclides
1321 2181 1437 2211 con-

154 2251 222 2286 tra
247 2250 485 2302 argentum
505 2240 668 2285 vivum
699 2238 819 2284 dedit
838 2275 852 2297 ‚
883 2239 1115 2287 &Veneri
1149 2239 1333 2286 subinde
1362 2238 1438 2284 of-

155 2312 371 2371 fensanti‚
399 2313 611 2378 aegrisque
629 2313 672 2360 se
697 2313 1078 2378 recolligentibus.
1116 2312 1318 2360 Hicesius
1334 2311 1440 2358 ideo

156 2384 390 2432 stomacho
429 2385 539 2432 utile
569 2385 720 2435 videri
756 2385 898 2444 dixit‚'
933 2385 1148 2449 quoniam
1185 2400 1322 2430 nemo
1351 2397 1439 2430 tres

156 2458 305 2507 siseres
335 2459 511 2508 edendo
544 2451 860 2508 continuaret:
896 2460 979 2508 effe
1007 2471 1158 2508 tamen
1186 2457 1296 2505 utile
1322 2473 1438 2506 con-
