1653 2797
218 213 506 263 'NATUR.
540 215 1005 264 HisToR.L113.
1038 216 1255 267 va.
1308 233 1395 285 291

115 323 388 389 respiciunt,
414 340 547 388 quam
568 340 656 384 qua
682 322 932 385 speeiavere
950 323 1108 388 pridie.
1143 324 1285 377 Salice
1302 346 1400 376 orn-¹

117 399 190 445 nia
222 399 371 462 alligas
392 433 405 455 ,
437 394 687 442 humillima
728 396 967 455 arborum,
999 399 1090 460 ipse
1119 412 1222 448 toto
1255 403 1402 465 capite

115 471 268 518 altior:
291 473 340 518 δε
357 466 487 530 hujus
507 466 822 531 circumagam.
856 468 984 527 Quid
1004 483 1045 515 te
1061 471 1272 521 rusticum
1295 491 1403 538 que-

114 545 257 592 reris?
300 545 409 590 Non
443 541 525 588 stat
554 557 634 604 per
662 558 762 600 me,
795 543 1041 605 quominus
1074 546 1231 592 caelum
1264 548 1401 594 intel·-

112 615 251 678 ligas,
287 616 338 661 &
364 612 552 660 caelestia
580 612 701 660 scias.
741 614 880 660 Dabo
910 615 958 661 &
993 615 1174 662 auribus
1211 618 1400 682 iignum.

113 689 374 735 Palumbum
399 687 555 751 utique
583 685 743 733 exaudi
776 687 980 751 gemitus.
1011 690 1230 738 Transisse
1255 693 1403 739 solsti-

111 761 228 809 tium
262 777 426 808 caveto
464 772 623 824 putes,
652 759 733 806 nifi
768 776 869 807 cum
905 758 1197 809 incubantem
1232 765 1403 814 videris

114 835 393 898 palumbum.

181 925 222 955 2.
252 908 290 954 A
316 905 505 953 solstitio
535 907 590 953 ad
611 904 821 954 Fidiculae
847 904 1057 953 occasum
1082 901 1209 954 sexto
1231 908 1405 957 Kalen-—

111 980 190 1029 das
220 979 326 1029 Julii
357 978 522 1026 Caesari
549 979 700 1025 Orion
728 978 960 1025 exoritur:
996 995 1113 1025 zona
1137 991 1284 1027 autem
1305 981 1401 1044 ejus

112 1066 277 1119 quarto
299 1055 454 1099 Nonas
472 1051 686 1115 Assyriae:
707 1052 910 1116 AEgypto
930 1067 1045 1097 vero
1064 1052 1284 1118 Procyon
1308 1073 1401 1102 ma-

110 1128 261 1174 tutino
296 1124 536 1172 aestuofixs:
578 1124 704 1187 quod
734 1124 847 1170 sidus
878 1124 996 1186 apud
1028 1125 1265 1173 Romanos
1301 1145 1399 1175 non
1443 1135 1450 1138 ⁴

109 1199 244 1247 habet
272 1215 440 1245 nomen
457 1233 470 1255 ‚
502 1196 583 1243 nisi
605 1198 873 1244 Caniculam
896 1198 1011 1244 hanc
1038 1199 1232 1246 velimus
1264 1199 1400 1247 intel·-

111 1272 218 1337 ligi,
252 1272 343 1318 hcc
379 1270 469 1328 est,
498 1268 720 1315 minorem
753 1286 939 1325 canem,
975 1282 1022 1316 ut
1054 1270 1100 1315 in
1137 1271 1262 1319 astris
1293 1274 1400 1337 pin-

111 1348 243 1412 gitur.
273 1346 346 1391 Est
367 1356 513 1414 autem
534 1360 808 1407 magnopere
832 1343 1059 1406 pertinens
1078 1380 1092 1402 ,
1122 1344 1232 1391 ficut
1258 1347 1396 1409 paulo

110 1437 224 1468 mox
261 1418 536 1466 docebimus.
580 1417 741 1463 Tertio
767 1419 924 1464 Nonas
952 1417 1175 1466 Chaldaeis
1206 1421 1398 1468 Corona

110 1493 282 1542 occidit
307 1493 544 1539 matutino.
574 1489 736 1537 Atticae
766 1491 916 1537 Orion
944 1503 1069 1538 totus
1093 1509 1149 1538 eo
1175 1492 1246 1539 die
1278 1511 1394 1541 exo-

109 1569 236 1614 ritur.
269 1564 414 1612 Pridie
445 1564 544 1610 Idus
582 1563 683 1610 Julii
716 1564 766 1609 &
785 1563 1010 1626 AEgyptiis
1046 1564 1197 1610 Orion
1237 1565 1394 1614 definit

109 1641 313 1688 exoriri:
354 1652 447 1684 XV1
486 1636 710 1704 Kalendas
739 1636 926 1701 Augusti
947 1636 1137 1701 Ass‘yriae
1170 1640 1392 1704 Procyon

109 1713 326 1762 exoritur.
379 1710 505 1758 Dein
540 1709 754 1772 postridie
785 1708 877 1755 fere
910 1709 1107 1772 ubique,
1140 1712 1390 1761 confefl'um

108 1787 225 1834 inter
243 1800 400 1832 omnes
421 1783 537 1829 fidus
565 1782 765 1828 indicans
781 1818 794 1840 ‚
824 1781 951 1847 quod
974 1783 1106 1830 Canis
1126 1798 1276 1832 ortum
1298 1804 1391 1834 vo-

109 1876 285 1915 camus,
319 1857 423 1904 Sole
455 1867 622 1918 partem
646 1856 834 1918 primam
858 1856 1022 1902 Leonis
1044 1856 1251 1921 ingreffo.
1285 1861 1391 1909 Hoc

106 1930 158 1977 fit
189 1928 290 1992 post
322 1927 559 1974 solstitium
576 1943 711 1975 xxm
736 1929 820 1975 die.
853 1930 1062 1977 Sentiunt
1090 1931 1135 1977 id
1158 1933 1318 1994 maria,
1339 1938 1390 1984 &

105 2017 237 2051 terrae
253 2038 266 2061 ‚
297 2001 448 2047 multae
474 2018 587 2047 vero
618 2003 668 2049 δέ
693 2001 798 2048 ferae
815 2037 827 2059 ‚
860 2014 908 2049 ut
937 2002 1021 2049 suis
1041 2002 1154 2052 locis
1180 2006 1388 2056 diximus.

109 2078 268 2139 Neque
299 2074 360 2121 est
393 2073 545 2120 minor
571 2073 611 2119 ei
639 2074 874 2120 veneratio
891 2110 905 2133 ‚
935 2092 1069 2138 quam
1087 2076 1315 2142 descriptis
1340 2081 1388 2127 in

106 2153 238 2200 Deos
257 2149 403 2196 stellis.
435 2147 742 2212 Accenditque
759 2147 910 2194 Solem
925 2185 940 2205 ,
968 2150 1017 2196 &
1034 2167 1239 2213 magnam
1261 2155 1386 2202 aestus

107 2225 284 2271 obtinet
324 2221 510 2270 causam.
556 2236 653 2268 xm
696 2222 921 2269 Kalendas
956 2223 1139 2287 Augusti
1180 2227 1384 2290 AEgypto

107 2297 268 2362 Aquila
304 2296 475 2343 occidit
502 2296 755 2354 matutino,
792 2296 1114 2360 etesiarumque
1147 2300 1385 2360 prodromi

103 2370 237 2416 flatus
276 2367 527 2430 incipiunt,
558 2369 684 2432 quod
715 2368 864 2416 Caesar
893 2383 927 2414 X
961 2369 1186 2416 Kalendas
1223 2370 1384 2423 sentire

104 2443 274 2491 Italiam
304 2442 585 2490 existimavit.
622 2443 787 2508 Aquila
813 2444 975 2491 Atticae
998 2446 1220 2492 matutino
1253 2450 1381 2496 occi-

103 2517 170 2565 dit
191 2535 202 2565 :
236 2531 292 2563 111
311 2514 535 2563 Kalendas
558 2517 676 2581 regia
691 2519 738 2564 in
763 2518 942 2580 pe&ore
959 2519 1124 2564 Leonis
1145 2519 1265 2568 stella
1285 2539 1381 2570 ma-

1016 2592 1058 2637 T
1096 2610 1119 2638 2
