1653 2797
283 153 569 201 NATUR.
605 150 903 198 HISTOR.
940 152 1063 199 LIB.
1100 150 1218 197 XX.
1319 169 1416 216 409

135 276 226 312 tam
249 263 432 311 fervens
461 262 553 319 est,
571 274 621 308 ut
642 261 773 307 illitas
807 272 953 323 partes
983 260 1252 308 exhulceret.
1289 260 1415 309 ‘ruffi

135 336 183 382 in
209 335 494 399 perfrictione
520 332 666 379 fricari
685 345 787 379 ante
811 334 967 380 balnea
985 333 1235 384 convenit:
1263 334 1313 381 &
1337 351 1416 380 an-

135 421 178 456 te
193 409 492 457 acceffionum
511 406 749 452 horrorem
760 442 774 464 ‚
795 407 1023 454 convulsis
1038 443 1051 464 ‚
1064 409 1114 454 &
1129 407 1415 453 torminibus.

134 482 347 546 Podagris
372 481 481 527 mire
502 479 695 543 prodest.
725 469 954 542 Hepaticis
982 497 1083 526 cum
1104 480 1237 526 melle
1257 481 1307 527 δε
1329 479 1416 526 sale

132 555 374 603 bibendum
395 554 550 600 datur:
570 552 840 616 pulmonum
860 552 973 600 vitia
990 551 1274 599 exscreabilia
1293 552 1416 600 facit.

132 627 203 673 Ad
228 627 391 673 lienem
415 644 516 673 cum
542 626 626 673 sale
657 625 765 672 utile
787 624 875 682 est,
900 628 949 673 &
980 626 1137 672 vesicae
1157 662 1170 683 ‚
1192 627 1242 673 &
1275 625 1416 689 suspi-

130 698 208 746 riis
226 734 241 757 ,
273 699 323 746 δε
352 697 657 744 inflationibus
679 716 689 744 :
716 698 952 745 decoctum
986 698 1122 746 succo
1147 698 1377 761 aequaliter
1399 733 1415 756 ,

132 772 184 819 δε
214 770 380 818 vulvas
410 772 690 835 corrigitz&
715 784 873 818 contra
897 771 1241 835 scolopendram
1271 782 1415 817 terre-

131 843 265 890 strem
288 843 367 891 vel
393 841 612 890 marinam
635 861 646 890 :
668 844 773 890 item
795 844 1053 907 scorpiones
1076 858 1089 891 τ’
1110 843 1416 907 privatimque

133 917 257 964 valet
285 930 446 965 contra
483 919 681 966 hominis
711 920 922 968 morsum.
972 920 1119 968 Radix
1150 933 1309 967 contra
1341 920 1414 965 in-

133 990 375 1038 crescentia
405 991 586 1039 hulcera
613 1010 766 1040 recens
792 994 1102 1057 potentiffima.
1132 994 1282 1040 Arida·
1300 1008 1416 1040 vero

135 1063 417 1111 cicatricibus
441 1065 649 1112 decorem
670 1066 808 1113 affert.
1372 1077 1376 1082 '

195 1137 310 1182 LVI.
337 1139 446 1183 Item
480 1137 660 1201 pulegio
689 1138 750 1184 est
781 1149 1042 1200 nepetaeque
1078 1135 1274 1184 societas.
1315 1138 1415 1184 De-

133 1210 262 1256 co&a
289 1210 410 1256 enim
443 1210 488 1256 in
521 1229 634 1275 aqua
667 1212 722 1257 ad
755 1210 904 1258 tertias
930 1208 1175 1256 discutiunt
1209 1208 1375 1271 frigora
1401 1246 1415 1267 ‚

130 1282 464 1346 mulierumque
496 1283 728 1330 menstruis
760 1282 964 1346 prosunt.
1005 1284 1060 1328 Et
1093 1282 1232 1328 aestate
1267 1282 1417 1328 sedant

134 1356 320 1403 calores.
349 1358 520 1419 Nepeta
545 1373 729 1420 quoque
755 1357 873 1404 vires
899 1368 1058 1403 contra
1077 1355 1301 1418 serpentes
1334 1356 1416 1401 ha·-

133 1429 220 1477 bet.
255 1433 442 1476 Fumum
479 1447 535 1476 ex
562 1446 612 1475 ea
636 1429 933 1493 nidoremque
961 1429 1141 1493 fugiunt
1161 1465 1174 1488 ‚
1201 1447 1334 1492 quam
1366 1433 1417 1477 &

131 1503 403 1550 substernere
444 1503 490 1549 in
524 1517 647 1549 metu
682 1502 1009 1549 obdormituris
1047 1503 1154 1548 utile
1187 1503 1260 1550 est.
1299 1502 1417 1548 Tusa

132 1576 351 1640 aegilopiis
386 1576 672 1639 imponitur,
706 1577 755 1623 &
795 1575 952 1638 capitis
988 1575 1224 1621 doloribus
1261 1591 1417 1621 recens

131 1665 234 1695 cum
280 1649 410 1695 tertia
452 1659 576 1711 parte
610 1647 737 1710 panis
767 1658 1008 1709 temperata
1041 1659 1170 1695 aceto
1211 1646 1416 1694 illinitur.

130 1723 300 1769 Succus
332 1722 425 1784 ejus
448 1721 681 1768 instillatus
710 1721 889 1767 naribus
918 1720 1084 1784 supinis
1100 1756 1114 1778 ,
1133 1720 1417 1783 profluvium

132 1793 356 1857 sanguinis
384 1793 502 1840 fistit.
541 1795 650 1838 Item
673 1792 825 1849 radix,
841 1810 943 1855 quae
965 1810 1068 1839 cum
1087 1793 1229 1856 myrti
1252 1792 1418 1839 semine

132 1866 180 1912 in
210 1866 329 1929 passo
361 1866 515 1928 tepido
544 1864 813 1928 gargarizata
838 1864 1010 1927 anginis
1036 1864 1254 1913 medetur.

197 1938 328 1982 LVII.
363 1935 609 1982 Cuminum
634 1936 830 1982 silvestre
859 1936 921 1981 est
950 1948 1178 1998 praetenue
1195 1973 1207 1994 ‚
1234 1949 1416 1999 quater-

133 2009 200 2056 nis
229 2022 303 2056 aut
331 2010 481 2074 quinis
513 2009 634 2056 foliis
660 2009 803 2056 veluti
836 2009 1021 2056 serratis.
1068 2010 1152 2056 Sed
1187 2013 1236 2057 ὅ(
1268 2011 1417 2057 sativo

133 2099 320 2146 magnus
348 2082 449 2128 usus
466 2118 479 2140 ,
503 2082 548 2128 in
580 2081 795 2129 stomachi
821 2082 1045 2144 praecipue
1069 2083 1289 2130 remediis.
1326 2085 1418 2131 Di-

137 2154 273 2202 scutit
305 2155 488 2218 pituitas
507 2191 521 2213 ,
542 2157 591 2203 &
619 2154 875 2202 inflationes
892 2191 907 2213 ,
929 2155 1082 2202 tritum
1115 2159 1165 2205 &
1191 2174 1293 2203 cum
1305 2175 1419 2218 pane

134 2227 357 2285 sumtum,
393 2228 469 2274 vel
502 2242 662 2290 potum
704 2245 760 2274 ex
804 2246 918 2292 aqua
952 2228 1188 2286 vinoque:
1220 2231 1417 2276 tormina

133 2316 317 2364 quoque
344 2302 394 2348 &
423 2301 733 2347 intestinorum
752 2301 948 2348 dolores.
976 2304 1295 2349 Verumtamen
1316 2320 1418 2349 om-

136 2389 191 2419 ne
210 2373 426 2438 pallorem
447 2374 701 2422 bibentibus
725 2375 877 2439 gignit.
902 2378 963 2421 Ita
991 2390 1110 2422 certe
1138 2387 1286 2422 terunt
1308 2378 1417 2422 Por-

138 2445 196 2492 cii
221 2447 428 2494 Latronis
443 2482 458 2504 ‚
480 2446 587 2496 clari
615 2447 731 2495 inter
758 2446 993 2512 magistros
1017 2450 1223 2507 dicendi,
1244 2449 1420 2496 allesta-
