1653 2797
209 196 493 246 NATUR.
533 193 847 242 H15ToR.
890 195 1011 243 ΗΒ.
1051 187 1169 242 XV.
1288 209 1340 260 51

57 305 125 356 cis
149 307 196 355 in
215 308 323 355 oleo
353 303 586 353 maceratis
607 302 914 367 expreffisque„
936 303 1008 351 Sic
1033 307 1082 353 &
1101 303 1348 351 rhodinum

58 380 253 428 erosis:
285 378 520 442 juncinum
555 392 579 422 e
611 371 783 438 junco,
817 378 943 440 quod
971 377 1033 423 est
1072 379 1258 426 rosaceo
1289 378 1347 426 fi-

60 453 323 501 millimum:
353 449 459 496 item
483 448 772 514 hyoscyamo
789 484 803 506 ,
837 445 1030 512 lupinis,
1062 452 1113 497 &
1139 451 1349 499 narciffor

62 525 309 574 Plurimum
353 532 501 568 autem
533 522 581 567 in
616 520 821 586 AEgypto
857 537 882 566 e
920 521 1108 584 raphani
1146 523 1310 570 semine
1334 560 1350 584 ,

63 609 147 646 aut¹
173 594 372 660 gramine
401 593 564 653 herba,
600 593 728 657 quod
758 593 1007 640 chortinon
1025 607 1213 642 vocant.
1240 595 1352 643 Item

64 668 249 726 sesama,
270 669 321 715 &
349 665 660 729 urtica‚-quod
689 664 932 712 cnedinum
963 667 1203 729 appellant.
1237 671 1273 715 E
1292 669 1351 715 li·-

62 742 127 788 lio
154 743 206 788 δε
239 740 346 787 alibi
376 738 428 786 fit
461 738 543 784 sub
573 738 678 796 dio,
709 738 841 797 Sole,
875 735 1033 797 Luna,
1061 741 1224 802 pruina
1255 758 1354 787 ma·-

63 823 276 861 ceratum.
315 811 415 858 Suis
453 809 601 856 herbis
635 822 925 871 componunt
959 808 1077 857 inter
1107 814 1354 877 Cappado-

64 886 182 933 ciam
199 886 250 932 &
267 883 493 931 Galatiam
509 918 522 940 ,
542 883 666 946 quod
689 881 953 945 Selgiticum
971 898 1145 932 vocant
1160 924 1176 945 ,
1199 888 1356 934 nervis

64 959 310 1006 admodum
333 957 471 1003 utile:
505 956 618 1002 ficut
645 956 693 1001 in
723 955 844 1001 Italia
872 956 1068 1018 Iguvini.
1096 960 1131 1004 E
1157 961 1256 1022 pice
1274 959 1356 1020 fit,

64 1033 195 1098 quod
219 1031 429 1096 piffinum
463 1029 692 1095 appellant
710 1066 726 1089 9
755 1046 858 1076 cum
891 1030 1103 1093 coquitur
1120 1067 1134 1090 ,
1172 1032 1357 1079 velleri-

66 1101 150 1154 bus
172 1103 302 1167 supra
328 1103 519 1150 halitum
544 1101 638 1164 ejus
670 1101 872 1165 expanfis
888 1138 901 1158 ,
935 1113 1067 1165 atque
1095 1103 1158 1149 ita
1178 1105 1359 1168 expres—

67 1179 147 1227 fis:
176 1177 418 1242 probatum
443 1177 639 1223 maxime
671 1193 693 1221 e
713 1175 886 1222 Brut-Ia:
921 1175 983 1222 est
1009 1175 1130 1223 enim
1157 1177 1360 1241 pinguis-

69 1253 178 1299 fima
213 1253 264 1298 δε
297 1249 616 1296 refinofiffima.
653 1249 801 1296 Color
835 1249 943 1295 oleo
981 1249 1147 1295 fulvus⁶
1185 1251 1358 1314 Sponte

71 1325 264 1372 nascitur
295 1325 342 1370 in
374 1323 516 1386 Syria:
550 1320 816 1379 maritimis9
851 1321 977 1384 quod
1009 1323 1231 1369 elaeomeli
1266 1340 1359 1370 vo-

73 1409 191 1446 cant.
226 1399 381 1443 Manat
410 1412 466 1441 ex
497 1394 731 1441 arboribus
766 1394 958 1457 pingue,
991 1394 1166 1442 crastiua
1195 1397 1358 1454 melle,

70 1470 214 1518 refina
243 1469 446 1526 tenuius,
483 1467 640 1532 sapore
676 1467 819 1525 dulci,
846 1468 896 1513 &
921 1467 1011 1513 hoc
1034 1468 1232 1515 medicis.
1268 1470 1361 1515 Vc*

71 1542 156 1589 teri
177 1557 360 1605 quoque
388 1539 494 1587 oleo
518 1539 618 1586 usus
648 1539 710 1586 est
735 1539 789 1584 ad
809 1539 1008 1603 quaedam
1038 1556 1200 1603 genera
1236 1558 1362 1588 mor·-

71 1616 252 1664 borum.
290 1614 578 1661 Existimatur
613 1616 662 1661 δε
697 1613 825 1659 ebori
861 1613 1144 1660 vindicando
1182 1631 1207 1660 a
1242 1617 1362 1662 carie

74 1688 185 1736 utile
219 1687 318 1734 effe.
359 1688 495 1734 Certe
528 1687 809 1734 simulacrum
839 1687 1018 1733 Saturni
1050 1688 1210 1735 Romae
1242 1688 1362 1736 intus

75 1762 182 1809 oleo
215 1760 434 1823 repletum
469 1760 543 1807 est.

165 1837 299 1888 V111.‚
323 1836 465 1898 Super
504 1833 659 1881 omnia
697 1849 810 1881 vero
852 1830 1098 1881 celebravit
1130 1852 1358 1883 amurcam

76 1907 280 1953 laudibus
306 1908 441 1954 Cato.
477 1906 621 1954 Doiia
648 1905 814 1953 olearia
847 1904 1070 1969 cadosque
1100 1905 1173 1951 illa
1192 1906 1360 1967 imbui,

78 1992 135 2024 n'e
158 1979 310 2025 bibant
328 1978 494 2025 oleum.
514 1981 706 2024 Amurca
724 1977 865 2042 subigi
892 1993 1011 2024 areas
1038 1978 1231 2024 terendis
1249 1979 1364 2024 mesm

79 2050 193 2098 sibus
211 2086 224 2109 ‚
259 2064 310 2098 ut
335 2051 536 2099 formicae
565 2051 777 2114 rimaeque
802 2050 955 2097 abfint.
983 2051 1111 2110 Quin
1141 2051 1191 2097 δεῖ
1218 2050 1362 2098 lutum

80 2122 299 2185 parietum
318 2158 332 2183 ‚
365 2139 416 2172 ac
447 2125 634 2171 teEtoria
656 2160 669 2182 ,
708 2126 758 2171 &
792 2124 1055 2187 pavimenta
1090 2124 1362 2174 horreorum

81 2197 326 2254 frumenti,
358 2197 616 2244 vestiarium
655 2197 788 2243 etiarn
825 2209 984 2243 contra
1021 2198 1240 2244 teredines
1261 2233 1275 2256 ,
1315 2216 1366 2245 ac

80 2271 220 2318 noxia
254 2270 488 2329 animalia,
527 2283 705 2316 amurca
743 2269 946 2333 aspergi:
987 2268 1152 2316 semina
1190 2269 1368 2334 frugum

79 2344 315 2410 perfundit
347 2345 516 2393 morbis
548 2345 914 2410 quadrupedum3
949 2345 1161 2391 arborum
1180 2357 1367 2409 quoque

82 2418 158 2465 illa
188 2418 487 2475 medendum,
521 2418 691 2465 efficaci
731 2419 786 2464 ad
818 2418 997 2464 hulcera
1032 2417 1246 2463 interiora
1278 2417 1367 2464 hu*

82 2491 205 2539 mani
225 2506 411 2555 quoque
431 2491 538 2538 oris.
574 2492 693 2538 Lora
722 2490 856 2538 etiam
883 2507 934 2538 ac
965 2488 1094 2536 coria·
1110 2490 1263 2536 omnia
1280 2524 1293 2548 ,
1316 2492 1367 2538 &-

1003 2564 1051 2610 D
1087 2580 1111 2607 2
