1653 2797
251 165 1206 216 NATUR.H18TOR.LIB.XV1.
1315 185 1397 235 125

126 273 267 320 modo
288 274 330 321 se
362 274 592 339 spargens,
617 273 869 320 suaviflima
902 275 949 321 in
979 275 1211 323 teneritate
1236 278 1407 325 anima-

131 346 260 393 libus.
287 345 491 394 Vocatur
517 363 541 392 a
568 339 831 409 quibusdam
867 345 1022 408 elegia.
1062 349 1136 395 Est
1164 351 1214 397 &2
1246 350 1292 397 in
1322 353 1407 397 lta·

127 421 187 468 lia
222 421 403 468 nascens
444 419 600 466 adarca
636 419 855 477 nomine,
892 420 1118 481 palustris,
1147 440 1202 469 ex
1238 425 1410 472 cortice

126 510 299 544 tantum
325 494 403 541 sub
440 493 532 556 ipsa
566 509 728 552 coma,
759 493 984 541 utiliffima
1017 494 1254 559 dentibus,
1291 516 1411 563 quo-

126 571 248 617 niam
275 568 347 616 vis
375 567 529 614 eadem
557 565 619 613 est
653 583 754 630 quae
788 567 941 630 finapi.

191 642 267 689 De
295 639 599 687 Orchomenii
629 639 751 687 lacus
779 639 1055 687 arundinetis
1075 643 1322 690 accuratius
1343 645 1414 690 di-

127 715 169 763 ci
203 715 329 778 cogit
371 714 606 761 admiratio
645 714 842 778 antiqua.
898 713 1152 763 Characian
1182 718 1413 768 vocabant

126 788 383 834 craffiorem
424 785 799 852 firmioremque,
838 788 1014 851 plotian
1050 805 1165 835 vero
1204 788 1430 837 subtili0--

127 879 250 908 rem:
288 861 403 907 hanc
436 859 484 906 in
513 860 665 907 insulis
696 859 976 907 fluitantibus
1007 873 1186 922 natam,
1216 863 1340 910 illam
1366 864 1416 910 in

129 935 238 998 ripis
271 932 557 996 exspatiantis
589 933 724 980 lacus.
764 933 920 980 Tertia
957 935 1132 981 arundo
1158 935 1220 982 est
1251 937 1417 985 tibialis

133 1008 321 1065 calami,
351 1023 484 1070 quem
514 1006 742 1053 auleticon
763 1007 996 1054 dicebant:
1030 1024 1160 1055 nono
1187 1009 1261 1056 hic
1294 1028 1418 1058 anno

132 1080 408 1127 nascebatur.
446 1081 564 1126 Nam
594 1081 644 1128 ὃ(
676 1082 794 1127 lacus
822 1082 1099 1128 incrementa
1121 1083 1210 1129 hoc
1236 1096 1449 1147 tempo-

132 1155 191 1202 ris
218 1153 361 1218 spatio
390 1153 616 1201 servabat:
647 1154 957 1217 prodigiosus,
982 1155 1015 1200 fi
1047 1156 1229 1218 quando
1255 1158 1418 1221 ampli-

134 1227 336 1273 tudinem
371 1226 558 1273 biennio
590 1227 877 1274 extendisset:
917 1229 1045 1292 quod
1071 1240 1274 1275 notatum
1303 1230 1421 1293 apud

135 1299 428 1347 Chaeroniam
458 1299 650 1347 infausto
680 1301 1041 1360 Atheniensium,
1075 1303 1126 1348 δε
1155 1302 1295 1364 saepe:
1333 1306 1421 1349 Le·-

134 1374 263 1421 baida
298 1386 492 1421 vocatur
525 1373 742 1421 influente
763 1374 993 1436 Cephiffo.
1033 1374 1151 1420 Cum
1178 1375 1314 1438 igitur
1339 1392 1421 1421 an-
1455 1404 1457 1410 ·

137 1462 200 1491 no
235 1445 477 1508 permanfit
515 1446 780 1502 inundatio,
816 1443 1062 1507 proficiunt
1092 1445 1138 1490 in
1173 1458 1422 1508 aucupato-

137 1521 250 1567 riam
291 1536 477 1584 quoque
520 1519 862 1583 amplitudinem
893 1537 904 1565 :
943 1518 1228 1565 vocabantur
1269 1520 1423 1583 zeugi-

140 1608 213 1642 tae.
256 1595 434 1642 Contra
465 1593 754 1659 bombyciae,
783 1592 1001 1639 maturius
1027 1591 1300 1656 reciproco,
1326 1611 1423 1657 gra-

141 1669 281 1717 ciles:
316 1668 610 1729 feminarum,
633 1669 793 1716 latiore
819 1667 936 1716 folio
969 1681 1099 1732 atque
1132 1668 1426 1727 candidiore,

142 1742 324 1789 modica
354 1741 592 1806 lanugine:
632 1757 710 1788 aut
743 1741 937 1789 omnino
982 1740 1135 1799 nulla,
1178 1740 1428 1805 spadonum

144 1815 330 1863 nomine
359 1815 618 1881 infignibus.
654 1815 775 1862 Hinc
807 1825 935 1861 erant
963 1828 1236 1861 armamenta
1268 1815 1323 1862 ad
1354 1816 1428 1861 in·-

146 1887 292 1934 clusos
321 1900 506 1935 cantus:
540 1905 636 1936 non
664 1880 835 1935 silendo
861 1889 911 1935 &
939 1888 1117 1950 reliquo
1140 1904 1258 1935 curae
1291 1888 1428 1938 mira-

147 1959 253 2006 culo
274 1996 289 2019 ,
320 1973 371 2007 ut
400 1961 536 2008 venia
560 1961 639 2020 fit,
669 1972 854 2024 argento
881 1959 971 2022 jam
998 1961 1151 2024 potius
1180 1962 1294 2008 cani.
1326 1963 1429 2009 Cae-

146 2032 192 2078 di
215 2032 416 2080 solebant
433 2034 711 2097 tempestivae
728 2033 867 2097 usque
885 2034 941 2079 ad
952 2034 1265 2097 Antigenidem
1282 2034 1432 2082 tibici-

152 2123 283 2164 nem,
317 2123 420 2154 cum
450 2107 597 2154 adhuc
631 2106 820 2169 fimplici
854 2106 1019 2154 mufica
1056 2120 1317 2167 uterentur,
1350 2106 1432 2154 sub

150 2179 341 2227 Arcturo
365 2196 376 2225 ε
409 2178 469 2226 fic
501 2190 761 2242 praeparatae
787 2177 966 2240 aliquot
998 2178 1098 2242 post
1125 2196 1270 2226 annos
1298 2180 1431 2226 utiles

150 2250 234 2296 effe
282 2249 567 2313 incipiebant,
610 2251 745 2298 Tunc
782 2268 968 2316 quoque
1013 2252 1156 2298 multa
1196 2253 1433 2298 domanda:

154 2323 501 2382 exercitatione,
521 2326 570 2372 &
592 2341 751 2372 canere
775 2325 896 2372 tibiae
917 2325 1021 2389 ipsae
1042 2327 1281 2383 docendae,
1307 2342 1432 2373 com-

156 2397 450 2461 primentibus
479 2398 519 2445 se
547 2399 693 2462 ligulis
713 2436 727 2457 ,
765 2401 892 2464 quod
924 2412 1018 2447 erat
1044 2401 1130 2447 illis
1154 2401 1433 2446 theatrorum

159 2472 360 2518 moribus
381 2471 548 2519 utilius.
566 2471 805 2535 Postquam
827 2472 1018 2521 varietas
1038 2472 1235 2531 acceffit,
1257 2474 1306 2520 &
1327 2490 1434 2520 can-
