1653 2797
212 181 808 233 NATUR.H18TOR.
846 183 977 231 LIB.
1011 183 1221 231 XVIII.
1313 199 1406 247 299

127 293 231 340 culo
262 294 499 357 frangunt,
533 289 751 337 substratu
783 291 1057 339 animalium.
1091 291 1137 337 Si
1167 290 1292 354 palea
1322 290 1403 338 de-

125 364 258 424 fecit,
289 369 339 415 &
370 366 540 412 culmus
560 362 732 408 teritur.
770 363 902 408 Ratio
929 364 1052 410 haec:
1084 365 1299 411 maturius
1330 364 1405 410 de-

123 436 262 485 sechis
282 474 296 497 ‚
323 437 465 486 muria
486 436 562 482 diu
585 433 828 497 respersus,
850 435 1011 482 dehinc
1030 436 1216 485 ficcatus
1243 438 1292 483 in
1311 454 1406 484 ma-

123 509 304 572 nipulos
335 506 673 565 convolvitur,
714 518 846 569 atque
879 506 939 553 ita
977 524 1062 570 pro
1095 507 1225 555 foeno
1259 509 1408 555 bubus

123 583 266 629 datur.
288 582 399 627 Sunt
416 580 493 645 qui
513 580 762 627 accendant
782 579 828 625 in
847 596 964 626 arvo
986 582 1036 626 &
1057 580 1236 643 stipulas
1252 617 1266 640 ‚
1286 599 1407 646 mag-

121 672 185 703 no
204 655 385 719 Virgilii
407 656 660 718 praeconio.
697 657 878 704 Summa
907 667 1058 703 autem
1077 655 1171 718 ejus
1191 657 1309 705 ratio
1323 693 1337 715 ,
1355 670 1408 704 ut

119 730 357 776 herbarum
387 729 535 776 semen
562 740 768 775 exurant.
803 727 933 775 Ritus
954 729 1257 775 diversitatem
1284 746 1409 792 mag·-

119 802 282 850 nitudo
307 802 413 850 facit
437 802 638 850 meffium
655 838 669 861 ,
695 803 746 848 &
773 801 934 849 caritas
963 802 1292 865 operariorum.

198 878 400 924 LXXIII.
431 878 656 924 Connexa
684 875 746 921 est
773 875 890 921 ratio
925 873 1141 922 frumenti
1182 874 1407 922 servandi.

120 948 299 995 Horrea
331 947 520 1011 operose
547 947 754 1010 tripedali
794 947 1108 1007 crassitudine,
1144 948 1309 1010 pariete
1341 948 1407 993 la·-

118 1020 302 1078 teritio‚
335 1018 606 1068 exaedificari
640 1019 798 1081 jubent
820 1019 972 1083 aliqui.
1005 1021 1226 1067 Praeterea
1258 1020 1407 1084 super-

117 1110 174 1139 ne
200 1093 401 1156 impleri,
431 1111 512 1140 nec
533 1095 704 1140 afflatus
724 1093 984 1151 admittere,
1005 1106 1081 1140 aut
1104 1092 1313 1140 fenestras
1331 1093 1408 1154 ha-

117 1168 222 1214 bere
250 1168 375 1215 ullas,
409 1168 497 1215 Alii
523 1169 578 1215 ab
609 1181 776 1215 exortu
795 1179 970 1215 tantum
998 1167 1182 1225 aestivo,
1205 1178 1283 1214 aut
1310 1165 1409 1230 sep-

117 1242 393 1301 temtrione,
422 1259 561 1306 eaque
589 1242 680 1291 fine
701 1241 823 1289 calce
856 1240 1086 1300 construi,
1109 1240 1328 1304 quoniam
1356 1241 1410 1288 fit

118 1314 349 1361 frumento
382 1315 681 1361 inimicissima
704 1332 714 1361 ε
753 1331 858 1362 nam
881 1332 983 1378 quae
1006 1314 1060 1360 de
1088 1330 1269 1361 amurca
1288 1331 1408 1376 prae-

117 1387 672 1450 ceperint,indicavimus.
696 1387 818 1434 Alibi
837 1399 998 1435 contra
1021 1386 1291 1450 suspendunt
1309 1406 1407 1452 gra-

118 1462 243 1508 naria
268 1462 416 1525 lignea
436 1461 661 1509 columnis
681 1498 695 1520 ,
717 1463 768 1509 &
791 1460 970 1524 perflari
989 1461 1192 1525 undique
1210 1461 1409 1519 malunt,

117 1545 252 1598 atque
276 1533 410 1581 etiam
432 1551 455 1580 a
485 1532 642 1580 fundo.
676 1533 767 1579 Alii
800 1534 994 1579 omnino
1019 1534 1243 1596 pendente
1275 1533 1408 1580 tabu-

118 1605 213 1652 lato
257 1604 490 1652 extenuari
528 1621 716 1668 granum
753 1604 1060 1652 arbitrantur:
1096 1605 1147 1652 &
1182 1605 1213 1650 fi
1245 1607 1408 1670 tegulis

116 1675 370 1740 subjaceat,
408 1675 762 1724 confervescere.
803 1676 940 1723 Multi
976 1676 1191 1726 ventilari
1223 1696 1408 1742 quoque

115 1762 304 1797 vetant:
341 1750 654 1797 curculionem
687 1749 810 1797 enim
843 1766 939 1796 non
983 1749 1249 1797 descendere
1286 1751 1406 1798 infra

116 1834 318 1886 quatuor
336 1822 502 1887 digitos
518 1859 532 1881 ,
551 1838 636 1870 nec
656 1822 847 1884 amplius
875 1822 1137 1884 periclitari.
1165 1823 1407 1871 Columel-

116 1897 160 1942 la
192 1898 242 1943 &
275 1896 534 1943 Favonium
568 1911 757 1943 ventum
792 1893 999 1942 conferre
1029 1894 1258 1942 frumento
1292 1915 1407 1959 prae-

117 1968 254 2031 cipit:
295 1968 420 2031 quod
455 1967 599 2013 miror
631 1967 870 2030 equidem,
906 1966 1187 2014 ficciffimum
1218 1967 1406 2032 alioqui.

118 2043 232 2089 Sunt
264 2041 342 2105 qui
370 2041 528 2088 rubeta
551 2056 657 2087 rana
687 2040 735 2085 in
762 2040 916 2087 limine
939 2039 1092 2086 horrei
1115 2040 1227 2102 pede
1256 2057 1280 2086 e
1301 2041 1403 2087 lon—

119 2117 322 2182 gioribus
347 2115 576 2179 suspensa,
598 2114 813 2160 invehere
833 2112 1030 2175 jubeant.
1061 2113 1209 2160 Nobis
1241 2113 1406 2161 referre

119 2189 362 2255 plurimum
393 2187 716 2252 tempestivitas
748 2185 974 2234 condendi
1004 2186 1247 2233 videbitur.
1288 2189 1408 2234 Nam

121 2263 151 2308 s1
175 2279 334 2325 parum
357 2262 526 2309 tostum
550 2272 683 2325 atque
711 2259 945 2307 robustum
973 2258 1210 2306 collecium
1237 2259 1312 2317 sat,
1332 2274 1409 2309 aut

122 2337 315 2386 calidum
352 2336 589 2383 conditum
609 2371 622 2392 ‚
654 2333 837 2382 inimica
864 2333 1033 2380 innasci
1061 2333 1230 2380 necess'e
1264 2332 1339 2380 est.

185 2409 513 2456 Diuturnitatis
543 2408 683 2456 causae
712 2407 877 2471 plures.
921 2409 1011 2456 Aut
1039 2408 1085 2452 in
1116 2405 1250 2470 ipsius
1281 2404 1409 2469 grani

119 2485 282 2542 corio,
322 2501 425 2532 cum
458 2483 520 2532 est
552 2482 866 2543 numcrofius,
901 2493 949 2529 ut
986 2480 1140 2527 milio:
1174 2495 1252 2528 aut
1287 2478 1406 2528 succi
