1653 2797
251 159 341 222 276
513 157 568 204 C.
619 155 1299 206 PL1N115ECUND1

247 280 294 316 ta
328 265 513 312 siderum
541 276 760 327 tempora.
807 263 995 310 Accedit
1025 264 1220 312 confeffa
1250 283 1399 313 rerum
1431 265 1519 313 ob·

249 337 462 395 scuritas,
492 353 614 383 nunc
648 347 973 399 praecurrente,
1016 352 1101 382 nec
1135 338 1288 399 paucis
1331 336 1485 383 diebus
1506 370 1520 391 ,

245 408 557 473 tempestatum
599 408 874 473 significatu,
910 408 1034 471 quod
1063 416 1331 468 προχείμασιν
1373 408 1522 455 Graeci

242 495 420 531 vocant
442 500 452 529 :
489 500 609 530 nunc
639 481 982 546 postveniente,
1009 479 1135 544 quod
1164 485 1446 539 ἑπιχείμασικ
1470 481 1522 527 &

245 558 511 622 plerumque
542 556 643 602 alias
683 554 838 613 citius,
879 553 982 600 alias
1019 552 1186 599 tardius
1229 551 1326 597 caeli
1364 551 1523 600 effectu

247 631 305 678 ad
337 642 500 677 terram
527 629 741 676 deciduo:
781 627 923 691 vulgo
947 625 1178 673 serenitate
1207 624 1377 672 reddita
1408 642 1523 672 con-

245 704 412 751 fectum
442 702 557 748 fidus
586 701 800 748 audimus.
846 700 1062 745 Praeterea
1095 713 1199 743 cum
1238 697 1392 744 omnia
1427 698 1524 746 haec

248 775 369 823 statis
404 775 614 822 sideribus
649 773 853 836 caeloque
889 770 1032 818 affixis
1063 768 1294 828 constent,
1325 770 1523 817 interve-

246 850 381 898 niunt
413 860 542 894 motu
573 845 793 892 stellarum
825 844 1089 908 grandines,
1127 843 1290 889 imbres
1309 877 1324 900 ‚
1359 846 1409 891 &
1444 844 1525 907 ipsi

249 938 347 968 non
379 919 473 965 levi
502 917 683 976 effe&11‚
717 929 769 964 ut
802 918 1067 975 docuimus,
1104 916 1374 979 turbantque
1407 933 1524 963 con-

248 1004 390 1056 ceptae
423 989 514 1053 spei
548 990 767 1037 ordinem.
806 991 940 1053 quue
965 1006 1021 1035 ne
1048 988 1178 1035 nobis
1200 999 1370 1034 tantum
1395 1001 1526 1052 pute-

248 1081 347 1112 mus
383 1062 618 1120 accidere,
651 1063 702 1109 &
731 1061 901 1125 reliqua
944 1060 1056 1108 fallit
1084 1060 1292 1107 animalia
1329 1060 1535 1124 sagacio-

251 1155 300 1185 ra
335 1137 454 1184 circa
487 1135 578 1180 hoc
596 1170 610 1192 ‚
641 1146 691 1180 ut
721 1150 815 1197 quo
850 1133 947 1181 vita
978 1150 1136 1180 eorum
1178 1132 1378 1181 constet:
1408 1134 1527 1181 aesti-

249 1208 414 1272 vasque
432 1207 556 1254 alites
575 1205 837 1270 praeposteri
862 1219 937 1253 aut
957 1206 1234 1269 praeproperi
1263 1206 1432 1269 rigores
1451 1224 1527 1253 ne-

250 1293 355 1330 cant
370 1317 384 1338 ‚
401 1279 607 1326 hibernas
635 1278 774 1325 aestus.
799 1279 905 1325 Ideo
923 1278 1140 1342 Virgilius
1159 1279 1399 1325 errantium
1416 1296 1531 1341 quo-

249 1371 341 1419 que
361 1353 550 1399 siderum
579 1350 801 1397 rationem
822 1351 1095 1398 ediscendam
1120 1350 1350 1414 praecipit,
1373 1351 1530 1398 admo-

251 1443 364 1474 nens
387 1423 717 1472 observandum
736 1423 905 1487 frigidae
922 1425 1100 1471 Saturni
1127 1424 1261 1471 stellae
1283 1424 1528 1473 tranfitum.

253 1498 365 1543 Sunt
406 1496 487 1558 qui
523 1496 810 1543 certissimum
848 1498 968 1544 veris
1004 1496 1220 1544 indicium
1257 1497 1530 1544 arbitrentur

253 1568 318 1615 ob
356 1565 657 1614 infirmitatem
688 1567 920 1626 animalis,
956 1569 1196 1633 papilionis
1236 1583 1529 1633 proventum.

254 1641 307 1690 Id
334 1657 391 1688 eo
412 1640 510 1704 ipso
545 1657 664 1686 anno
682 1677 695 1699 ,
726 1657 827 1688 cum
849 1654 1257 1689 commentaremur
1276 1644 1371 1690 haec
1389 1679 1405 1702 ‚
1440 1661 1530 1691 no·-

257 1728 401 1763 tatum
433 1714 522 1773 est,
559 1727 833 1777 proventum
865 1732 1023 1763 eorum
1045 1728 1110 1762 ter
1139 1717 1332 1780 repetito
1362 1719 1529 1783 frigore

257 1787 522 1834 exstinctum
545 1822 559 1844 ,
596 1786 876 1850 advenasque
927 1788 1141 1836 volucres
1173 1807 1212 1836 a.
1250 1790 1293 1836 d.
1333 1805 1387 1836 v1
1433 1794 1530 1838 Ka-

257 1860 408 1907 lendas
437 1859 660 1906 Februarii
691 1859 811 1922 spem
841 1860 961 1908 veris
993 1861 1208 1920 attulisse,
1236 1878 1348 1909 mox
1381 1861 1532 1912 saevis-

255 1932 364 1980 fima
388 1931 533 1978 hieme
562 1930 848 1979 conflictatas.

328 2005 418 2068 Res
448 2020 640 2066 anceps:
675 2004 870 2067 primum
889 2040 903 2063 ‚
926 2005 1134 2054 omnium
1154 2024 1179 2054 a
1201 2006 1313 2055 caelo
1342 2008 1435 2071 peti
1467 2007 1532 2054 le—

258 2093 391 2141 gem:
420 2076 578 2122 deinde
603 2093 698 2124 eam
716 2078 985 2141 argumentis
1014 2078 1098 2125 effe
1126 2080 1422 2142 quaerendam.
1452 2082 1533 2129 Su-

258 2163 339 2210 per
373 2146 531 2192 omnia
573 2146 633 2192 est
672 2149 827 2194 mundi
854 2151 1133 2202 'convexitas
1159 2187 1174 2210 ‚
1225 2165 1536 2223 terrarumque

258 2218 387 2283 globi
418 2218 663 2265 differentia
683 2254 697 2277 ‚
729 2220 890 2267 eodem
915 2221 1050 2268 fidere
1079 2223 1170 2269 alio
1203 2236 1406 2288 tempore
1437 2224 1531 2272 aliis

258 2291 484 2354 aperiente
522 2290 562 2337 se
593 2292 823 2354 gentibus:
861 2309 954 2356 quo
988 2293 1039 2340 fit
1069 2308 1118 2341 ut
1149 2295 1273 2344 causa
1307 2297 1400 2360 ejus
1433 2314 1528 2344 non

257 2363 411 2410 iisdem
436 2363 588 2409 diebus
607 2364 773 2428 ubique
793 2365 954 2412 valeat.
983 2368 1205 2415 Addidere
1222 2369 1534 2417 difficultatem-

258 2439 311 2486 &
356 2439 556 2487 auftores
595 2438 777 2489 diversis
819 2438 868 2489 in
909 2440 1025 2489 locis
1060 2440 1379 2504 observando,
1415 2458 1534 2490 mox
1572 2449 1577 2457 ⁴
