1653 2797
237 168 325 229 328
506 165 863 211 oPL1N11
915 165 1282 214 SECUNDI

232 276 283 321 δε
313 273 534 320 vivantne
552 309 564 331 ,
596 289 650 318 an
679 289 803 331 non,
833 272 954 319 haud
983 272 1114 320 facile
1145 274 1341 322 arbitror
1370 266 1505 323 intel-

232 349 311 411 ligi
338 347 474 409 posse.
510 346 792 393 putrescendi
813 347 933 393 enim
955 347 1067 393 ratio
1096 349 1347 395 communis
1373 349 1434 395 est
1452 350 1505 396 iis

233 437 335 467 cum
363 420 502 483 ligno.
539 419 690 466 Lartio
720 419 897 466 Licinio
918 420 1135 466 Praetorio
1166 421 1270 470 viro
1290 420 1387 483 jura
1407 421 1505 468 red-

234 493 358 539 denti
382 493 430 539 in
449 493 659 555 Hispania
677 492 977 556 Carthagine,
1004 493 1154 556 paucis
1173 494 1240 541 his
1270 495 1396 541 annis
1419 494 1506 542 sci-

234 581 331 611 mus
352 565 580 623 accidiffe,
604 564 830 610 mordenti
853 566 1011 622 tuber,
1043 577 1092 611 ut
1115 566 1410 630 deprehensus
1439 567 1507 613 in-

235 653 304 684 tus
340 639 542 685 denarius
576 638 744 700 primos
783 638 935 684 dentes
970 637 1243 686 infle&eret:
1279 657 1371 704 quo
1409 656 1508 686 ma-

235 710 446 757 nifestum
478 711 563 757 erit
582 746 594 767 ,
629 722 757 756 terrae
776 722 978 756 naturam
1003 710 1050 756 in
1077 710 1118 757 se
1145 712 1332 775 globari.
1366 713 1509 774 Quod

237 797 409 831 certum
436 783 524 842 est,
564 799 620 829 ex
656 782 709 828 iis
745 799 876 829 erunt
908 800 1008 847 quae
1049 783 1308 843 nascantur,
1340 786 1390 832 &
1425 784 1508 831 seri

237 874 333 903 non
367 857 543 919 poffint.

299 933 396 978 XII.
422 928 573 976 Simile
603 929 664 975 est
693 931 743 977 &
769 930 895 994 quod
923 929 970 975 in
991 930 1247 994 Cyrenaica
1269 930 1509 993 provincia

237 1015 410 1050 vocant
439 1001 582 1065 misy,
617 1002 893 1064 praecipuum
922 1001 1135 1050 suavitate
1168 1004 1324 1051 odoris
1359 1021 1412 1051 ac
1447 1003 1511 1050 sa·

238 1078 363 1141 poris
380 1115 393 1135 ,
429 1077 500 1123 sed
532 1079 783 1124 carnofius:
818 1079 867 1125 &
885 1078 1008 1142 quod
1027 1079 1074 1126 in
1098 1079 1291 1127 Thracia
1318 1078 1417 1125 iton
1433 1080 1512 1137 ,&

234 1151 363 1213 quod
385 1151 429 1196 in
453 1150 629 1197 Graecia
662 1151 892 1214 geranion.

298 1225 414 1271 XIII=
443 1225 517 1270 De
556 1223 784 1270 tuberibus
819 1223 915 1269 haec
944 1221 1176 1268 traduntur
1207 1220 1510 1285 peculiariter:

237 1299 355 1344 Cum
382 1297 549 1343 fuerint
575 1297 737 1343 imbres
761 1295 1037 1342 autumnales
1053 1330 1066 1352 ‚
1100 1312 1152 1341 ac
1177 1294 1378 1341 tonitrua
1412 1310 1510 1340 cre—

236 1372 340 1429 bra,
368 1383 477 1418 tunc
505 1370 646 1428 nasci,
678 1372 728 1417 ὅ(
753 1367 944 1415 maxime
979 1383 1002 1413 e
1032 1366 1298 1414 tonitribus:
1336 1382 1419 1412 nec
1439 1365 1511 1412 ul-

237 1456 303 1490 tra
339 1461 502 1490 annum
543 1444 732 1489 durare:
771 1440 1008 1488 tenerrima
1044 1451 1191 1486 autem
1224 1456 1373 1487 verno
1409 1439 1511 1488 effe.

239 1519 519 1576 Quibusdam
538 1517 651 1563 locis
673 1531 855 1577 accepta
876 1514 1013 1577 riguis
1034 1514 1262 1561 feruntur:
1294 1515 1404 1561 ficut
1420 1515 1511 1561 Mi-

237 1589 405 1653 tylenis
443 1600 604 1652 negant
638 1587 784 1644 nasci,
820 1586 899 1631 nifi
937 1587 1239 1632 exundatione
1274 1586 1512 1632 fluminum

172 1660 175 1663 ’
235 1661 417 1707 inveElo
442 1661 604 1706 semine
618 1659 671 1705 ab
689 1657 848 1705 Tiaris.
872 1656 943 1703 Est
960 1669 1105 1703 autem
1121 1657 1157 1703 is
1177 1657 1326 1713 locus,
1348 1657 1394 1702 in
1413 1673 1510 1720 quo

235 1734 429 1797 plurima
453 1733 701 1780 nascuntur.
731 1731 841 1776 Asiae
868 1728 1133 1776 nobiliffima
1162 1728 1281 1775 circa
1305 1727 1510 1791 Lampsa—

238 1827 337 1856 cum
359 1843 372 1865 ,
414 1809 462 1854 &
501 1802 926 1869 Alopeconnesum:
963 1801 1154 1849 Gnaeciae
1201 1818 1313 1849 vero
1334 1837 1349 1860 ‚
1392 1801 1511 1848 circa

234 1882 351 1928 Elin.

300 1955 424 2000 XIV.
449 1953 560 1999 Sunt
587 1954 635 1999 &
666 1953 712 1998 in
741 1950 984 2015 fungorum
1025 1967 1183 2014 genere
1213 1949 1383 1996 Graecis
1405 1946 1509 1994 disti

235 2026 428 2088 pezicae‚
454 2025 531 2087 qui
564 2025 652 2071 fine
681 2025 829 2070 radice
848 2038 926 2070 aut
954 2022 1168 2085 pediculo
1190 2021 1444 2068 nascuntur.

298 2099 402 2144 XV.
434 2097 503 2142 Ab
537 2096 602 2143 his
636 2096 892 2158 proximum
927 2096 1096 2141 dicetur
1125 2095 1386 2140 auetoritate
1415 2092 1508 2140 cla-

234 2170 450 2216 riflimum
473 2169 769 2232 laserpitium,
787 2168 913 2231 quod
933 2168 1084 2214 Graeci
1105 2166 1299 2230 silphion
1315 2178 1508 2224 vocant,

236 2241 284 2286 in
317 2240 569 2304 Cyrenaica
602 2238 844 2301 provincia
878 2250 1130 2301 repertum:
1174 2235 1296 2300 cujus
1330 2236 1508 2283 succum

235 2325 405 2360 vocant
425 2311 561 2357 laser:
592 2309 876 2373 magnificum
903 2310 948 2355 in
966 2309 1045 2356 usu
1062 2308 1507 2372 medicamentisque,

236 2388 285 2433 δέ
318 2385 372 2432 ad
393 2384 571 2447 pondus
604 2383 798 2446 argentei
826 2381 992 2427 denarii
1011 2381 1208 2445 pensum.
1238 2380 1392 2427 Multis
1418 2379 1507 2442 jam

232 2458 358 2504 annis
388 2458 434 2503 in
463 2473 514 2502 ea
539 2468 654 2502 terra
686 2471 781 2500 non
806 2454 1064 2501 invenitur:
1095 2453 1312 2517 quoniam
1350 2451 1501 2515 publi-
