1653 2797
233 144 292 190 26
496 145 551 192 C.
602 143 860 193 PL1N11
912 145 1283 195 SECUNDI

228 267 333 315 quae
368 251 494 298 Persa
533 252 815 314 inscribitur,
850 272 1107 320 quanquam
1142 256 1188 301 in
1218 272 1269 302 ea
1301 257 1352 304 &
1385 257 1504 305 cala-

232 342 356 372 mum
390 326 492 373 addi
525 325 662 389 jubet.
697 329 802 375 Ideo
838 329 1018 393 quidam
1052 329 1285 377 aromatite
1316 322 1504 378 delesta-

232 409 306 443 tos
348 397 542 445 maxime
586 400 783 449 credunt.
833 401 917 448 Sed
949 401 1106 450 Fabius
1148 401 1416 451 Doffennus‘
1439 403 1506 453 his

230 469 430 518 versibus
456 471 652 519 decernit
672 490 683 519 :

392 562 611 607 Mittebam
642 566 788 609 vinum
817 566 1032 624 pulchrum
1047 598 1061 622 ‚
1092 566 1362 611 murrlzinam.

233 642 290 689 Et
320 640 366 687 in
393 639 696 690 Acharistione
720 661 732 689 ε

396 726 556 769 Panem
577 722 841 786 &polentam
855 761 872 783 ,
896 730 1039 774 vinum
1063 730 1332 775 mzmlzinam.

234 802 488 850 Scaevolam
516 821 728 870 quoque,
759 807 810 854 &
837 807 1051 867 Laelium‚
1076 809 1127 854 &
1144 806 1344 871 Attejum
1372 807 1511 871 Capi-

233 887 392 924 ‘tonem
414 878 460 924 in
481 879 634 924 eadem
657 878 871 928 sententia
891 879 1016 928 fuisse
1036 880 1201 940 video,
1224 879 1442 945 quoniam
1467 880 1516 926 in

234 949 459 996 Pseudolo
490 950 572 998 fit:

243 1034 247 1039 ’
304 1033 437 1092 Quod
449 1031 509 1096 st
520 1049 621 1092 opus
632 1033 717 1098 fiet
722 1069 738 1090 ,
756 1050 799 1079 ut
823 1036 936 1080 dulce
951 1051 1120 1095 promat
1140 1036 1326 1080 indidem
1339 1068 1357 1093 ,
1375 1035 1520 1095 ecquid

462 1106 622 1151 habet?
662 1143 664 1147 .

629 1178 814 1227 CHAR.
861 1182 1006 1243 Rogas
1025 1182 1049 1227 ἓ

241 1244 244 1249 ”
300 1249 567 1299 '‘Murrlzinam
582 1287 596 1310 ,
624 1250 790 1317 pafficm
808 1287 822 1311 ‚
850 1254 1052 1312 defrutum
1066 1288 1079 1312 ‚
1112 1256 1247 1300 mella.
1283 1285 1295 1299 .
1332 1289 1342 1300 .
1378 1289 1389 1301 .

238 1331 424 1393 'Quibus
444 1344 648 1398 apparet,
669 1349 765 1380 non
785 1331 901 1381 inter
919 1333 1027 1381 vina
1053 1332 1193 1380 modo
1216 1334 1491 1381 murrhinam
1504 1370 1520 1396 ,

242 1405 319 1453 sed
350 1407 466 1452 inter
499 1405 642 1452 dulcia
673 1421 858 1471 quoque
886 1406 1183 1455 nominatum.

309 1479 437 1527 XVI.
471 1480 726 1543 Apothecas
757 1479 912 1538 fuiffe,
944 1481 993 1528 δε
1024 1477 1214 1527 diffundi
1251 1480 1380 1528 solita
1415 1482 1521 1529 vina

243 1569 367 1600 anno
389 1567 634 1601 DCXXXIII
654 1553 788 1601 Urbis
803 1591 816 1613 ,
835 1565 1018 1618 apparet
1041 1553 1293 1602 indubitato
1315 1554 1520 1618 Opimia-

244 1628 295 1675 ni
329 1627 428 1675 vini
459 1641 722 1693 argumento
731 1664 746 1686 ,
776 1627 864 1690 jam
891 1628 1166 1693 intelligente
1198 1630 1322 1676 suum
1349 1631 1523 1678 bonurn

246 1702 383 1753 Italia.
404 1703 620 1750 Nondum
648 1715 796 1750 tamen
822 1701 899 1748 ista
919 1719 1080 1766 genera
1100 1703 1146 1748 in
1166 1704 1362 1750 claritate
1384 1716 1523 1752 erant.

244 1771 401 1839 Itaque
431 1775 583 1822 omnia
616 1786 726 1822 tunc
761 1774 910 1839 genita
944 1791 1083 1820 unum
1117 1774 1280 1823 habent
1314 1775 1526 1824 Consulis

248 1865 433 1896 nomen.
466 1848 537 1896 Sic
563 1865 746 1914 quoque
775 1847 926 1911 postea
949 1847 1025 1894 diu
1048 1849 1333 1896 transmarina
1351 1850 1398 1896 in
1417 1866 1523 1897 auc-

242 1920 430 1981 toritate
464 1921 675 1979 fuerunt,
705 1923 752 1969 &
780 1921 836 1968 ad
867 1936 980 1968 avos
1004 1920 1142 1985 usque
1170 1922 1380 1970 nostros:
1415 1922 1527 1987 quin

208 1997 213 2000 “
249 1996 302 2042 δε
331 1996 517 2042 Falerno
545 1993 636 2058 jam
661 2011 838 2059 reperto
859 2031 873 2054 ,
894 1994 1005 2042 ficut
1028 2008 1208 2059 apparet
1233 2013 1289 2044 ex
1314 1996 1396 2045 illo
1426 1997 1524 2044 Co·-

220 2124 225 2128 ,
250 2069 356 2116 :mici
385 2068 517 2118 Versu
537 2104 556 2127 ‚

320 2152 513 2214 Quinque
541 2151 679 2198 leasf
703 2155 795 2199 viui
826 2156 1057 2214 depromam
1077 2187 1091 2210 ‚
1119 2154 1218 2198 bina
1249 2155 1430 2199 Falerni.
1462 2158 1463 2161 ’

251 2237 298 2281 Ρ.
333 2234 527 2281 Licinius
557 2235 763 2292 Crassus,
792 2237 842 2284 ὃς
876 2239 924 2283 L.
959 2234 1097 2283 Julius
1129 2233 1275 2280 Caesar
1307 2232 1527 2281 Censores

253 2325 374 2354 anno
409 2308 543 2355 Urbis
584 2310 779 2355 conditae
817 2323 992 2356 DCLXV
1035 2308 1293 2367 edixerunt,
1332 2324 1388 2354 ne
1427 2306 1527 2370 quis

248 2379 413 2424 *vinum
445 2381 656 2426 Graecum
690 2380 1063 2444 Ammineumque
1099 2380 1274 2427 ostonis
1308 2379 1403 2425 aeris
1438 2377 1528 2424 fin—

253 2451 359 2514 gula
384 2452 687 2515 quadrantalia
712 2453 938 2501 venderet.
976 2455 1083 2501 Haec
1113 2451 1231 2499 enim
1256 2450 1392 2500 verba
1416 2448 1530 2499 sunt.
