1653 2797
229 159 518 211 NATUR.
552 158 854 205 HISTOR.
889 158 1018 204 LIB.
1054 156 1278 203 XVIII.
1318 154 1409 214 267

88 327 89 330 Ἰ
138 283 275 329 genus
308 278 480 313 vocant
506 265 736 328 planarati.
780 264 938 326 Cuspis
967 264 1155 328 effigiem
1186 262 1295 326 paIae
1326 261 1408 308 ha-

135 339 223 385 bet.
268 341 428 385 Serunt
463 339 521 384 ita
553 354 649 382 non
679 336 760 382 nifi
796 337 914 382 culta
947 348 1093 396 terra,
1120 340 1170 384 ὃς
1199 336 1287 382 fere
1317 351 1406 381 no-

135 428 205 458 va.
243 411 452 458 Latitudo
482 407 682 471 vomeris
714 408 898 471 cespites
918 409 1077 456 versat.
1121 411 1278 456 Semen
1301 425 1408 472 pro-

134 485 254 532 tinus
302 483 506 544 injiciunt
527 519 540 540 ,
575 482 801 546 cratesque
851 482 1048 531 dentatas
1086 482 1409 545 stipertrahunt.

133 558 231 603 Nec
264 555 484 603 sarrienda
518 555 618 601 sunt
658 555 747 601 hoc
779 555 919 601 modo
955 553 1056 600 sata.
1102 555 1187 600 Sed
1221 553 1407 616 protelis

135 628 249 674 binis
289 628 513 692 ternisque
549 627 608 673 fic
640 639 779 674 arant.
841 629 950 673 Uno
982 627 1123 673 boum
1159 626 1268 690 jugo
1302 643 1410 673 cen-

131 699 213 747 seri
241 718 362 748 anno
401 701 543 748 facilis
576 700 660 746 soli
692 700 972 767 quadragena
1002 698 1182 765 jugera,
1218 700 1411 747 difficilis

135 774 331 834 tricena,
361 775 521 837 justum
553 774 627 821 est.

196 848 358 894 XLIX.
401 865 437 894 1.
475 850 524 894 In
556 847 726 893 arando
756 862 1026 909 magnopere
1056 846 1322 894 servandum
1350 844 1411 891 est

132 918 318 966 Catonis
347 918 608 965 oraculum:
639 919 768 979 Quid
795 918 855 964 est
879 919 1101 981 primum?
1136 920 1304 981 Agrum
1328 917 1408 963 be·-

132 1006 187 1035 ne
207 990 370 1037 colere.
407 991 531 1050 Quid
552 991 792 1037 secundum
810 991 826 1036 ἓ
859 992 977 1037 Bene
1001 1007 1136 1038 arare.
1169 990 1297 1050 Quid
1315 1002 1407 1035 ter-

130 1064 273 1114 tium?
299 1066 566 1113 Stercorare.
602 1064 739 1112 Sulco
770 1065 901 1111 vario
928 1082 984 1113 ne
1014 1082 1123 1112 ares».
1159 1063 1406 1125 Tempesti-

130 1152 189 1182 ve
215 1153 322 1182 ares.
355 1137 672 1198 Tepidioribus
697 1138 811 1184 locis
830 1155 855 1184 a
873 1138 1027 1184 bruma
1047 1137 1274 1200 proscindi
1298 1153 1407 1183 arva

131 1220 344 1271 oportet:
388 1208 695 1272 frigidioribus
735 1211 789 1257 ab
824 1211 1098 1273 aequinoffio
1136 1227 1297 1256 vern0.
1351 1212 1407 1256 Et

130 1279 341 1326 maturius
381 1279 494 1326 sicca
528 1281 710 1343 regione
732 1316 745 1337 ,
773 1297 906 1343 quam
944 1280 1139 1327 humida.
1187 1280 1406 1328 Maturius

131 1353 262 1400 densa
288 1366 402 1402 terra
418 1390 432 1413 ,
453 1372 584 1419 quam
603 1354 774 1412 soluta,
795 1353 950 1417 pingui
969 1371 1103 1417 quam
1121 1371 1284 1402 macra.
1316 1352 1408 1399 Ubi

129 1428 255 1475 ficcae
287 1430 337 1476 &
370 1445 530 1492 graves
569 1428 765 1486 aestates,
798 1444 916 1475 terra
950 1426 1121 1474 cretosa
1154 1438 1230 1472 aut
1264 1426 1406 1488 graci—

131 1501 184 1548 lis
197 1537 210 1560 ‚
228 1501 377 1548 utilius
403 1502 518 1547 inter
537 1500 771 1549 solstitium
788 1502 838 1549 &
861 1501 1061 1546 autumni
1085 1501 1407 1563 aequinofflum

131 1588 290 1623 aratur.
326 1576 416 1624 Ubi
447 1577 570 1624 leves
603 1575 761 1633 aestus,
786 1575 1044 1639 frequentes
1077 1575 1270 1632 imbres,
1301 1575 1406 1638 pin-

129 1666 213 1711 gue
237 1649 567 1713 herbosumque
591 1648 758 1708 solum,
785 1648 848 1695 ibi
874 1649 1030 1696 mediis
1061 1649 1296 1696 caloribus.
1324 1648 1406 1694 Al-

130 1733 224 1767 tum
249 1723 298 1768 &
321 1739 455 1785 grave
483 1722 630 1771 solum
667 1722 799 1770 etiam
832 1722 975 1769 hieme
1006 1722 1188 1771 moveri
1219 1721 1364 1783 placet
1392 1740 1402 1767 :

129 1807 261 1840 tenue
287 1794 415 1842 valde
439 1796 490 1843 &
508 1795 678 1841 aridum
693 1831 710 1852 ,
729 1794 864 1857 paulo
889 1807 990 1841 ante
1016 1794 1198 1840 sationis
1217 1806 1405 1856 tempus.

198 1882 240 1913 2.
273 1867 386 1912 Sunt
413 1867 464 1914 &
495 1866 569 1913 hic
601 1866 686 1914 suae
716 1866 832 1930 leges
865 1885 874 1912 :
916 1866 1128 1913 Lutosam
1161 1877 1323 1912 terram
1349 1882 1406 1912 ne

131 1937 318 2000 tangitO.
366 1937 424 1984 Vi
456 1937 583 1985 omni
619 1953 774 1985 arato:
813 1938 936 2000 prius
970 1954 1104 2001 quam
1138 1953 1233 1984 aras
1255 1971 1268 1994 ‚
1297 1953 1408 1998 pro-

133 2010 339 2058 scindito.
378 2011 479 2060 Hoc
505 2010 744 2059 utilitatem
776 2012 935 2069 habet,
965 2012 1090 2074 quod
1119 2010 1300 2057 inverso
1333 2028 1408 2058 ce·

131 2082 240 2145 spite
275 2083 511 2130 herbarum
543 2084 712 2132 radices
744 2097 975 2132 necantur.
1028 2083 1227 2144 Quidam
1255 2084 1408 2148 utique

132 2155 188 2203 ab
218 2155 491 2218 aequinoffio
521 2172 667 2205 verno
696 2155 926 2220 proscindi
955 2156 1132 2204 volunt.
1166 2157 1310 2216 Quod
1331 2174 1410 2202 ve-

132 2244 178 2275 re
212 2227 344 2274 semel
375 2241 542 2276 aratum
577 2229 638 2276 est
657 2265 671 2288 ,
702 2247 726 2277 a
757 2229 974 2292 temporis
1006 2242 1269 2293 argumento
1302 2246 1407 2276 vero

131 2299 310 2346 vastum
343 2312 546 2347 vocatur.
577 2301 681 2347 Hoc
705 2301 751 2346 in
783 2301 941 2348 novali
969 2318 1093 2364 aeque
1120 2301 1408 2348 necessarium

131 2372 204 2419 est.
240 2373 421 2418 Novale
451 2373 539 2430 est,
564 2374 688 2436 quod
717 2375 893 2422 alternis
923 2375 1048 2421 annis
1082 2374 1252 2421 seritur.
1294 2375 1406 2421 Ara-

131 2457 259 2492 turos
289 2446 432 2492 boves
456 2463 586 2509 quam
613 2446 836 2494 arfliffime
868 2446 992 2511 jungi
1025 2460 1238 2510 oportet,
1255 2459 1403 2493 ut-ca-
