1653 2797
232 184 327 231 324
478 166 533 213 C.
585 165 845 211 PL1N11
895 163 1279 223 SECUNDL

228 275 541 333 absumeretur.
561 273 738 323 Vivum
768 272 812 318 id
834 283 1033 331 vocant»,
1062 271 1348 335 ardentesque
1369 270 1505 329 info-

228 352 293 397 cis
315 347 643 395 conviviorum
669 364 726 394 ex
754 364 810 394 eo
833 348 1025 394 vidimus
1058 362 1239 409 mappas
1257 381 1272 404 ‚
1303 341 1504 391 sordibus

229 421 391 469 exustis
425 419 773 483 splendescentes
812 417 904 483 igni
949 419 1121 483 magis,
1161 435 1295 482 quam
1329 417 1506 481 poffent

229 494 369 558 aquis.
401 493 577 557 Regum
599 492 701 539 inde
733 491 941 537 funebres
965 491 1155 549 tunicae,
1195 488 1403 552 corporis
1435 486 1504 533 fa-

230 567 387 613 villam
410 566 466 612 ab
492 565 670 628 reliquo
697 563 897 626 separant
923 563 1085 610 cinere.
1120 562 1327 610 Nascitur
1356 561 1405 606 in
1431 560 1505 605 de·

229 638 352 685 sertis
381 637 624 700 adustisque
649 636 756 683 Sole
784 635 944 693 Indiae,
979 635 1057 681 ubi
1090 652 1184 681 non
1220 635 1384 682 cadunt
1414 634 1500 679 im·-

230 714 331 760 bres
350 748 364 770 ,
390 712 505 758 inter
526 711 639 757 diras
665 709 886 772 serpentes
907 728 917 755 :
950 708 1234 772 assuescitque
1257 709 1416 756 vivere
1432 725 1504 754 at·—

230 787 380 833 dendo
393 821 406 843 ‚
427 801 574 831 rarum
601 783 794 829 inventu
812 817 825 840 ‚
851 781 1031 828 difficile
1053 794 1181 828 textu
1200 794 1386 844 propter
1405 781 1507 827 bre-

230 861 433 907 vitatem.
468 856 611 903 Rufus
645 856 698 902 de
733 868 886 904 cetero
917 856 1074 913 colos,
1109 854 1368 918 splendescit
1400 855 1505 917 igni.

226 935 345 981 Cum
366 931 603 976 inventum
625 929 685 976 est
700 966 713 988 ‚
734 942 878 993 aequat
897 930 1039 992 pretia
1056 929 1370 976 excellentium
1387 944 1506 975 mar*-

229 1006 486 1069 garitarum.
518 1006 720 1050 Vocatur
748 994 894 1050 autem
916 1021 941 1049 a
970 1003 1140 1050 Graecis
1164 1002 1432 1049 asbestinum
1451 1018 1508 1048 ex

232 1091 499 1142 argumento
538 1088 720 1122 naturae.
765 1076 1007 1122 Anaxilaus
1038 1077 1192 1122 auetor
1233 1075 1321 1133 est,
1365 1074 1508 1120 linteo

231 1168 290 1198 eo
319 1149 643 1197 circumdatam
681 1149 888 1196 arborem
909 1186 921 1207 ,
956 1149 1093 1195 surdis
1127 1149 1312 1206 iffibus,
1348 1149 1399 1195 &
1430 1146 1507 1210 qui

229 1240 326 1270 non
351 1223 647 1270 exaudiantur
666 1259 680 1280 ,
711 1223 835 1269 caedi.
870 1225 987 1286 Ergo
1020 1222 1122 1270 huic
1152 1222 1247 1268 lino
1277 1221 1504 1284 princi-pa-

233 1310 302 1343 tus
334 1296 381 1342 in
412 1307 515 1341 toto
548 1296 672 1341 orbe.

294 1368 535 1415 Proximus
572 1367 781 1432 byffino,
818 1366 1059 1414 mulierum
1102 1366 1292 1413 maxime
1336 1364 1506 1412 deliciis

233 1444 353 1490 circa
391 1441 507 1487 Elim
547 1441 593 1487 in
628 1440 797 1502 Achaia
831 1442 1019 1504 genito:
1054 1440 1279 1504 quaternis
1318 1438 1507 1485 denariis

232 1513 422 1575 scripula
453 1512 548 1572 ejus
577 1524 821 1574 permutata
847 1513 1104 1575 quondam,
1141 1524 1190 1557 ut
1217 1511 1345 1569 auri,
1379 1526 1507 1572 repe-

233 1589 319 1632 rio.
365 1584 627 1630 Linteorum
660 1585 858 1645 lanugo,
898 1601 920 1630 e
951 1584 1065 1631 velis
1106 1584 1292 1631 navium
1335 1582 1506 1628 mariti-

231 1674 401 1705 marum
434 1656 659 1714 maxime,
693 1656 740 1701 in
765 1672 932 1719 magno
966 1655 1044 1701 usu
1074 1655 1307 1701 medicinae
1338 1653 1424 1700 est:
1457 1656 1505 1701 &

234 1732 345 1780 cinis
373 1729 516 1793 spodii
547 1730 642 1775 vim
672 1729 817 1776 habet.
856 1730 930 1775 Est
957 1730 1007 1776 δε
1031 1729 1150 1775 inter
1178 1744 1399 1791 papavera
1427 1744 1504 1791 ge-

234 1821 318 1852 nus
355 1802 613 1867 quoddam,
651 1818 743 1865 quo
776 1803 1019 1848 candorem
1064 1801 1200 1847 lintea
1233 1801 1505 1863 praecipuum

231 1877 424 1923 trahunt.

232 1940 235 1942 ¹
321 1949 377 1993 V.
410 1947 451 1992 T
455 1957 656 1992 entatum
688 1944 751 1991 est
778 1945 890 2009 tingi
920 1946 1059 1992 linum
1091 1962 1304 2010 quoque,
1340 1948 1389 1993 &
1424 1961 1509 1992 ve·—

233 2021 363 2067 ssium
398 2018 607 2064 insaniam
640 2018 870 2080 accipere,
905 2019 951 2064 in
977 2018 1218 2065 Alexandri
1240 2018 1391 2082 Magni
1418 2017 1507 2080 pri-

232 2111 354 2140 mum
392 2093 621 2150 classibus,
653 2093 765 2138 Indo
799 2109 929 2138 amne
967 2092 1250 2156 navigantis,
1289 2109 1392 2139 cum
1424 2093 1505 2138 du-

234 2185 306 2214 ces
335 2166 427 2227 ejus
455 2182 505 2211 ac
536 2164 732 2227 praefeffi
763 2165 810 2210 in
840 2166 1080 2212 certamine
1113 2166 1306 2229 quodam
1340 2164 1505 2212 varias-

236 2241 329 2285 sent
358 2238 543 2301 insignia
579 2238 792 2283 navium:
834 2238 1180 2301 stupueruntque
1206 2237 1337 2283 litora
1360 2273 1374 2293 ,
1399 2237 1504 2282 flatu

235 2311 527 2358 versicoloria
562 2310 788 2372 implente.
827 2311 944 2356 Velo
981 2326 1210 2373 purpureo
1241 2309 1296 2356 ad
1330 2309 1502 2355 Affium

234 2404 339 2432 cum
370 2387 430 2430 M.
471 2384 674 2430 Antonio
702 2384 940 2447 Cleopatra
974 2384 1130 2442 venit,
1166 2384 1413 2447 eodemque
1437 2381 1503 2429 ef-

234 2459 361 2522 fugit.
385 2460 499 2516 ,Hoc
535 2457 618 2503 fuit
651 2457 952 2519 imperatoriae
977 2458 1104 2504 navis
1133 2454 1312 2520 insigne.
