1653 2797
190 184 292 237 2326‘
451 183 506 229 C.
552 179 813 228 PLINII
860 179 1234 231 SECUNDI

189 306 262 341 tus
293 306 475 357 quoque
505 289 684 337 luxuria
699 326 713 348 ,
733 285 844 364 caedi
875 301 977 336 ante
1005 289 1189 338 solstitia
1211 306 1372 356 coeptae
1391 332 1404 354 ‚
1424 294 1474 345 &f

187 367 289 414 fieri
319 367 450 413 utiles
479 365 527 411 in
560 362 769 423 trimatu,
805 363 1103 427 apertioribus
1139 380 1291 413 earum
1326 368 1473 432 ligulis

187 441 243 487 ad
275 437 519 485 fleRendos
545 436 681 484 sonos
701 473 714 495 ‚
738 452 837 500 quae
869 437 973 484 inde
1005 437 1107 484 sunt
1135 439 1186 485 δέ
1204 439 1354 486 hodie.
1389 441 1475 488 Sed

187 527 285 560 tum
322 530 379 559 ex
415 512 489 558 sua
522 527 745 576 quamque
779 522 953 557 tantum
999 512 1220 558 arundine
1250 528 1472 577 congrue-

186 605 236 635 re
269 586 522 651 persuasum
546 597 663 632 erat:
696 587 746 633 &
766 602 892 641 eam,
919 602 1019 648 quae
1048 585 1244 633 radicem
1274 587 1474 635 anteces-

186 661 328 721 serat,
348 662 480 708 laevae
497 660 619 706 tibiae
650 659 929 706 convenire:
962 675 1065 722 quae
1095 676 1309 707 cacumen
1325 698 1340 720 ‚
1361 661 1473 708 dex-

186 747 295 782 trae:
321 732 586 781 immensum
607 745 825 796 quantum
861 730 1054 794 praelatis
1072 767 1085 789 ‚
1121 749 1233 796 quas
1260 733 1353 796 ipse
1381 735 1473 782 Ce-

184 803 349 868 phiffus
382 803 595 850 abluisset.
635 804 771 850 Nunc
809 801 1022 848 sacrificae
1046 803 1305 852 Tuscorum
1335 824 1359 853 e
1383 807 1471 853 bu-

184 894 274 935 xo,
303 877 485 922 ludicrae
516 892 632 922 vero
667 876 795 932 lom,
823 873 1074 938 ossibusque
1100 875 1303 934 asininis,
1324 879 1373 925 ὅ(
1398 895 1472 924 ara

181 966 324 1014 gemo
344 949 470 995 fiunt.
494 948 801 1012 Aucupatoria
833 948 1008 995 arundo
1040 966 1064 996 a
1094 949 1354 1005 Panhormo
1373 950 1472 998 lau-

183 1022 419 1070 datiffima:
450 1021 690 1085 piscatoria
716 1020 959 1068 Abaritana
989 1039 1046 1068 ex
1069 1022 1236 1069 Africa.

263 1100 442 1146 LXVII.
471 1096 717 1143 Arundinis
751 1097 889 1144 Italiae
918 1097 1019 1144 usus
1047 1098 1103 1144 ad
1135 1098 1296 1145 vineas
1324 1099 1472 1146 maxi-³

181 1190 269 1221 me.
302 1174 422 1219 Cato
455 1170 537 1218 seri
561 1188 657 1217 eam
686 1168 812 1232 jubet
832 1169 877 1215 in
903 1170 1098 1217 humidis
1128 1171 1270 1234 agris,
1300 1168 1469 1235 bipalio

179 1245 362 1295 &abacto
393 1243 515 1307 prius
538 1241 637 1288 solo
653 1276 667 1300 ‚
691 1240 837 1287 oculis
870 1239 1090 1304 dispositis
1110 1242 1356 1290 intervallo
1379 1256 1471 1290 ter-

180 1338 347 1368 norum
375 1319 552 1382 pedum.
585 1315 729 1363 Simul
761 1317 811 1362 &
838 1315 1076 1362 corrudam
1093 1351 1107 1374 ‚
1134 1315 1254 1362 unde
1273 1314 1470 1381 asparagi

181 1394 320 1441 fiant:
361 1392 641 1440 concordare
672 1389 793 1436 enim
827 1387 1084 1435 amicitiam.
1125 1388 1315 1435 Salicem
1350 1406 1468 1436 vero

181 1468 333 1514 circa:
361 1482 447 1528 qua
481 1463 603 1509 nulla
629 1462 934 1525 aquaticarum
964 1461 1148 1520 utilior,
1170 1461 1274 1508 licet
1305 1463 1470 1525 populi

178 1538 352 1586 vitibus
378 1536 582 1599 placeant
596 1570 610 1594 ‚
630 1536 679 1581 &
695 1533 893 1580 Caecuba
919 1533 1137 1580 educent:
1167 1534 1272 1580 licet
1291 1533 1382 1580 alni
1400 1533 1469 1580 se-‘

179 1614 310 1676 pibus
338 1611 546 1657 muniant
565 1645 579 1667 ‚
614 1619 864 1671 contraque
897 1608 1229 1671 erumpentium
1266 1608 1466 1655 amnium

178 1689 372 1751 impetus
387 1721 400 1742 ,
430 1684 627 1746 riparum
653 1698 785 1727 muro
810 1680 856 1727 in
880 1680 1018 1727 tutela
1041 1681 1153 1727 ruris
1172 1681 1398 1728 excubent
1416 1681 1464 1728 in

177 1779 291 1825 aqua
304 1759 422 1815 satae,
433 1756 644 1820 caesaeque
660 1754 835 1801 denfius
849 1755 1088 1801 innumero
1100 1754 1260 1801 herede
1275 1755 1462 1817 prosint.

244 1834 441 1880 LXVIII.
468 1829 622 1876 Salicis
655 1827 801 1874 statim
832 1827 960 1890 plura
983 1843 1157 1890 genera.
1186 1828 1393 1890 Namque
1414 1829 1465 1875 &

178 1908 226 1954 in
259 1904 577 1970 proceritatem
608 1917 815 1965 magnam
846 1900 1058 1948 emittunt
1087 1900 1204 1965 jugis
1222 1900 1463 1950 vinearum

175 1980 393 2044 perticas,
427 1978 697 2041 pariuntque
731 1975 880 2022 balteo
927 1975 1110 2022 corticis
1146 1974 1366 2022 vincula:
1410 1976 1462 2023 &

178 2055 276 2102 aliae
317 2052 466 2115 virgas
504 2049 702 2113 sequacis
739 2049 794 2095 ad
829 2049 1056 2095 vinsturas
1091 2047 1294 2094 lentitiae.
1345 2047 1459 2094 Aliae

176 2138 425 2191 praetenues
455 2123 704 2171 viminibus
733 2122 936 2168 texendis
956 2121 1181 2185 spectabili
1205 2121 1459 2169 subtilitate.

175 2199 344 2247 Rursus
379 2197 475 2244 aliae
504 2196 725 2242 firmiores
747 2194 993 2253 corbibus,
1020 2211 1070 2247 ac
1104 2194 1311 2256 plurimae
1341 2193 1461 2257 agri-

176 2272 381 2319 colatum
425 2268 713 2331 supellectili:
751 2267 1032 2314 candidiores
1067 2265 1218 2312 ablato
1251 2266 1456 2323 cortice,

177 2346 356 2409 lenique
373 2344 556 2390 tractatu
571 2378 586 2401 ‚
611 2341 852 2411 vilioribus
875 2340 1015 2398 vafis,
1035 2357 1168 2404 quam
1199 2352 1248 2386 ut
1273 2357 1296 2386 e
1325 2338 1455 2386 corio

175 2419 312 2465 fiant:
338 2430 470 2481 atque
499 2416 630 2463 etiam
662 2415 918 2478 supinarum
940 2414 987 2460 in
1018 2414 1198 2461 delicias
1224 2412 1454 2461 cathedra-

176 2507 277 2539 rum
297 2491 540 2556 aptiffimae.
571 2489 741 2538 Caedua
758 2487 880 2535 salici
901 2486 1101 2535 fertilitas
1117 2523 1133 2546 ,
1155 2485 1331 2535 densior
1351 2496 1453 2530 ton-
