<?xml version="1.0" encoding="UTF-8"?>
<!DOCTYPE html PUBLIC "-//W3C//DTD XHTML 1.0 Transitional//EN"
    "http://www.w3.org/TR/xhtml1/DTD/xhtml1-transitional.dtd">
<html xmlns="http://www.w3.org/1999/xhtml" xml:lang="en" lang="en">
 <head>
  <title>
</title>
<meta http-equiv="Content-Type" content="text/html;charset=utf-8" />
  <meta name='ocr-system' content='tesseract 3.04.00' />
  <meta name='ocr-capabilities' content='ocr_page ocr_carea ocr_par ocr_line ocrx_word'/>
</head>
<body>
  <div class='ocr_page' id='page_1' title='image "./caiipliniisecund03plinuoft_0082.png"; bbox 0 0 1653 2797; ppageno 0'>
   <div class='ocr_carea' id='block_1_1' title="bbox 299 174 1358 241">
    <p class='ocr_par' dir='ltr' id='par_1_1' title="bbox 299 174 1358 241">
     <span class='ocr_line' id='line_1_1' title="bbox 299 174 1358 241; baseline -0.003 -17"><span class='ocrx_word' id='word_1_1' title='bbox 299 180 359 241; x_wconf 87' lang='lat'><strong>76</strong></span> <span class='ocrx_word' id='word_1_2' title='bbox 468 209 471 213; x_wconf 93' lang='lat'><em>-</em></span> <span class='ocrx_word' id='word_1_3' title='bbox 575 174 1358 224; x_wconf 69' lang='lat' dir='ltr'>C.-PL1N118ECUN&#39;D1</span> 
     </span>
    </p>
   </div>
   <div class='ocr_carea' id='block_1_2' title="bbox 292 282 1653 2530">
    <p class='ocr_par' dir='ltr' id='par_1_2' title="bbox 292 282 1653 2530">
     <span class='ocr_line' id='line_1_2' title="bbox 299 282 1571 348; baseline -0.002 -16"><span class='ocrx_word' id='word_1_4' title='bbox 299 284 534 333; x_wconf 80' lang='lat' dir='ltr'><strong>Circenses</strong></span> <span class='ocrx_word' id='word_1_5' title='bbox 558 284 749 348; x_wconf 72' lang='lat' dir='ltr'><strong>spe&amp;are</strong></span> <span class='ocrx_word' id='word_1_6' title='bbox 774 284 969 332; x_wconf 89' lang='lat' dir='ltr'><strong>solitum.</strong></span> <span class='ocrx_word' id='word_1_7' title='bbox 1003 285 1129 330; x_wconf 88' lang='lat' dir='ltr'><strong>Avus</strong></span> <span class='ocrx_word' id='word_1_8' title='bbox 1147 293 1371 332; x_wconf 83' lang='lat' dir='ltr'><strong>maternus</strong></span> <span class='ocrx_word' id='word_1_9' title='bbox 1393 282 1571 330; x_wconf 87' lang='lat' dir='ltr'><strong>Africa·-</strong></span> 
     </span>
     <span class='ocr_line' id='line_1_3' title="bbox 300 355 1571 422; baseline -0.004 -16"><span class='ocrx_word' id='word_1_10' title='bbox 300 361 347 406; x_wconf 87' lang='lat' dir='ltr'><strong>ni</strong></span> <span class='ocrx_word' id='word_1_11' title='bbox 377 358 599 422; x_wconf 86' lang='lat' dir='ltr'><strong>sequentis</strong></span> <span class='ocrx_word' id='word_1_12' title='bbox 634 358 707 404; x_wconf 87' lang='lat' dir='ltr'><strong>hic</strong></span> <span class='ocrx_word' id='word_1_13' title='bbox 735 357 833 404; x_wconf 87' lang='lat' dir='ltr'><strong>fuit.</strong></span> <span class='ocrx_word' id='word_1_14' title='bbox 870 358 1046 403; x_wconf 83' lang='lat' dir='ltr'><strong>Marcus</strong></span> <span class='ocrx_word' id='word_1_15' title='bbox 1067 355 1270 402; x_wconf 87' lang='lat' dir='ltr'><strong>Valerius</strong></span> <span class='ocrx_word' id='word_1_16' title='bbox 1293 355 1460 402; x_wconf 73' lang='lat' dir='ltr'><strong>duabus</strong></span> <span class='ocrx_word' id='word_1_17' title='bbox 1489 373 1571 417; x_wconf 88' lang='lat' dir='ltr'><strong>co—</strong></span> 
     </span>
     <span class='ocr_line' id='line_1_4' title="bbox 301 420 1575 493; baseline -0.003 -15"><span class='ocrx_word' id='word_1_18' title='bbox 301 433 427 478; x_wconf 86' lang='lat' dir='ltr'><strong>ronis</strong></span> <span class='ocrx_word' id='word_1_19' title='bbox 467 431 704 490; x_wconf 82' lang='lat' dir='ltr'><strong>utebatur,</strong></span> <span class='ocrx_word' id='word_1_20' title='bbox 744 430 918 488; x_wconf 83' lang='lat' dir='ltr'><strong>laurea,</strong></span> <span class='ocrx_word' id='word_1_21' title='bbox 956 432 1005 477; x_wconf 87' lang='lat'>&amp;</span> <span class='ocrx_word' id='word_1_22' title='bbox 1040 442 1246 493; x_wconf 78' lang='lat' dir='ltr'><strong>myrtea,</strong></span> <span class='ocrx_word' id='word_1_23' title='bbox 1279 427 1359 491; x_wconf 87' lang='lat' dir='ltr'><strong>qui</strong></span> <span class='ocrx_word' id='word_1_24' title='bbox 1397 429 1447 475; x_wconf 86' lang='lat'>&amp;</span> <span class='ocrx_word' id='word_1_25' title='bbox 1469 420 1575 475; x_wconf 73' lang='lat' dir='ltr'><strong>&#39;hoc</strong></span> 
     </span>
     <span class='ocr_line' id='line_1_5' title="bbox 299 517 1374 554; baseline -0.008 0"><span class='ocrx_word' id='word_1_26' title='bbox 299 517 510 554; x_wconf 87' lang='lat' dir='ltr'><strong>voverat.</strong></span> <span class='ocrx_word' id='word_1_27' title='bbox 1371 519 1374 521; x_wconf 91' lang='lat'>·</span> 
     </span>
     <span class='ocr_line' id='line_1_6' title="bbox 364 572 1576 638; baseline -0.006 -13"><span class='ocrx_word' id='word_1_28' title='bbox 364 578 586 626; x_wconf 81' lang='lat' dir='ltr'><strong>XXXIX.</strong></span> <span class='ocrx_word' id='word_1_29' title='bbox 609 579 776 623; x_wconf 86' lang='lat' dir='ltr'><strong>Laurus</strong></span> <span class='ocrx_word' id='word_1_30' title='bbox 802 574 1041 638; x_wconf 85' lang='lat' dir='ltr'><strong>triumphis</strong></span> <span class='ocrx_word' id='word_1_31' title='bbox 1069 574 1251 637; x_wconf 86' lang='lat' dir='ltr'><strong>proprie</strong></span> <span class='ocrx_word' id='word_1_32' title='bbox 1277 573 1477 632; x_wconf 78' lang='lat' dir='ltr'><strong>dicatur,</strong></span> <span class='ocrx_word' id='word_1_33' title='bbox 1500 572 1576 620; x_wconf 88' lang='lat' dir='ltr'><strong>vel</strong></span> 
     </span>
     <span class='ocr_line' id='line_1_7' title="bbox 292 643 1579 715; baseline -0.005 -18"><span class='ocrx_word' id='word_1_34' title='bbox 292 650 535 715; x_wconf 45' lang='lat' dir='ltr'><strong>‘gratissima</strong></span> <span class='ocrx_word' id='word_1_35' title='bbox 566 649 773 696; x_wconf 81' lang='lat' dir='ltr'>domibus</span> <span class='ocrx_word' id='word_1_36' title='bbox 792 683 805 706; x_wconf 66' lang='lat'>9</span> <span class='ocrx_word' id='word_1_37' title='bbox 836 647 1020 711; x_wconf 76' lang='lat' dir='ltr'><strong>janitrix</strong></span> <span class='ocrx_word' id='word_1_38' title='bbox 1041 647 1266 694; x_wconf 82' lang='lat' dir='ltr'><strong>Caesarum</strong></span> <span class='ocrx_word' id='word_1_39' title='bbox 1288 643 1579 692; x_wconf 79' lang='lat' dir='ltr'><strong>Pontificum-</strong></span> 
     </span>
     <span class='ocr_line' id='line_1_8' title="bbox 301 720 1582 789; baseline -0.005 -19"><span class='ocrx_word' id='word_1_40' title='bbox 301 720 416 789; x_wconf 51' lang='lat' dir='ltr'><strong>que&#39;:</strong></span> <span class='ocrx_word' id='word_1_41' title='bbox 435 724 529 770; x_wconf 89' lang='lat' dir='ltr'><strong>sola</strong></span> <span class='ocrx_word' id='word_1_42' title='bbox 556 725 606 771; x_wconf 86' lang='lat'>&amp;</span> <span class='ocrx_word' id='word_1_43' title='bbox 626 724 787 769; x_wconf 86' lang='lat' dir='ltr'><strong>domos</strong></span> <span class='ocrx_word' id='word_1_44' title='bbox 816 734 1031 780; x_wconf 78' lang='lat' dir='ltr'><strong>exornat,</strong></span> <span class='ocrx_word' id='word_1_45' title='bbox 1063 725 1112 769; x_wconf 62' lang='grc' dir='ltr'><strong>δέ</strong></span> <span class='ocrx_word' id='word_1_46' title='bbox 1143 732 1241 767; x_wconf 88' lang='lat' dir='ltr'><strong>ante</strong></span> <span class='ocrx_word' id='word_1_47' title='bbox 1261 720 1415 767; x_wconf 90' lang='lat' dir='ltr'><strong>limina</strong></span> <span class='ocrx_word' id='word_1_48' title='bbox 1443 736 1582 766; x_wconf 82' lang='lat' dir='ltr'><strong>excu-</strong></span> 
     </span>
     <span class='ocr_line' id='line_1_9' title="bbox 303 794 1583 860; baseline -0.004 -15"><span class='ocrx_word' id='word_1_49' title='bbox 303 799 392 845; x_wconf 85' lang='lat' dir='ltr'>bat.</span> <span class='ocrx_word' id='word_1_50' title='bbox 424 800 535 845; x_wconf 87' lang='lat' dir='ltr'><strong>Duo</strong></span> <span class='ocrx_word' id='word_1_51' title='bbox 567 797 659 858; x_wconf 74' lang='lat' dir='ltr'><strong>ejus</strong></span> <span class='ocrx_word' id='word_1_52' title='bbox 688 813 850 860; x_wconf 86' lang='lat' dir='ltr'><strong>genera</strong></span> <span class='ocrx_word' id='word_1_53' title='bbox 884 796 1017 842; x_wconf 82' lang='lat' dir='ltr'><strong>tradit</strong></span> <span class='ocrx_word' id='word_1_54' title='bbox 1047 798 1192 842; x_wconf 83' lang='lat' dir='ltr'><strong>Cato:</strong></span> <span class='ocrx_word' id='word_1_55' title='bbox 1223 794 1495 857; x_wconf 84' lang='lat' dir='ltr'>Delphicam</span> <span class='ocrx_word' id='word_1_56' title='bbox 1531 795 1583 840; x_wconf 85' lang='lat'>&amp;</span> 
     </span>
     <span class='ocr_line' id='line_1_10' title="bbox 303 867 1581 934; baseline -0.003 -18"><span class='ocrx_word' id='word_1_57' title='bbox 303 872 537 934; x_wconf 84' lang='lat' dir='ltr'><strong>Cypriam.</strong></span> <span class='ocrx_word' id='word_1_58' title='bbox 555 869 795 931; x_wconf 83' lang='lat' dir='ltr'><strong>Pompejus</strong></span> <span class='ocrx_word' id='word_1_59' title='bbox 808 871 991 915; x_wconf 82' lang='lat' dir='ltr'><strong>Lenaeus</strong></span> <span class='ocrx_word' id='word_1_60' title='bbox 1008 868 1169 929; x_wconf 80' lang='lat' dir='ltr'><strong>adjecit</strong></span> <span class='ocrx_word' id='word_1_61' title='bbox 1188 885 1320 932; x_wconf 89' lang='lat' dir='ltr'><strong>quam</strong></span> <span class='ocrx_word' id='word_1_62' title='bbox 1340 867 1581 913; x_wconf 88' lang='lat' dir='ltr'><strong>mustacem</strong></span> 
     </span>
     <span class='ocr_line' id='line_1_11' title="bbox 302 939 1582 1004; baseline -0.002 -17"><span class='ocrx_word' id='word_1_63' title='bbox 302 942 548 1004; x_wconf 59' lang='lat' dir='ltr'><strong>appellavit</strong></span> <span class='ocrx_word' id='word_1_64' title='bbox 567 977 580 998; x_wconf 88' lang='lat'><strong>‚</strong></span> <span class='ocrx_word' id='word_1_65' title='bbox 619 940 835 1004; x_wconf 85' lang='lat' dir='ltr'><strong>quoniam</strong></span> <span class='ocrx_word' id='word_1_66' title='bbox 872 940 1104 987; x_wconf 87' lang='lat' dir='ltr'><strong>mustaceis</strong></span> <span class='ocrx_word' id='word_1_67' title='bbox 1125 939 1427 1001; x_wconf 85' lang='lat' dir='ltr'><strong>subjiceretur.</strong></span> <span class='ocrx_word' id='word_1_68' title='bbox 1454 939 1582 984; x_wconf 88' lang='lat' dir='ltr'><strong>Hanc</strong></span> 
     </span>
     <span class='ocr_line' id='line_1_12' title="bbox 303 1011 1583 1076; baseline -0.003 -16"><span class='ocrx_word' id='word_1_69' title='bbox 303 1016 387 1060; x_wconf 87' lang='lat' dir='ltr'><strong>esse</strong></span> <span class='ocrx_word' id='word_1_70' title='bbox 406 1014 521 1060; x_wconf 81' lang='lat' dir='ltr'><strong>folio</strong></span> <span class='ocrx_word' id='word_1_71' title='bbox 535 1015 752 1072; x_wconf 70' lang='lat' dir='ltr'><strong>maximo,</strong></span> <span class='ocrx_word' id='word_1_72' title='bbox 767 1013 1049 1076; x_wconf 78' lang='lat' dir='ltr'><strong>flaccidoque</strong></span> <span class='ocrx_word' id='word_1_73' title='bbox 1065 1015 1114 1060; x_wconf 89' lang='lat'>&amp;</span> <span class='ocrx_word' id='word_1_74' title='bbox 1132 1013 1371 1059; x_wconf 81' lang='lat' dir='ltr'><strong>albicante:</strong></span> <span class='ocrx_word' id='word_1_75' title='bbox 1392 1011 1583 1073; x_wconf 80' lang='lat' dir='ltr'><strong>Delphi-</strong></span> 
     </span>
     <span class='ocr_line' id='line_1_13' title="bbox 305 1084 1633 1151; baseline -0.004 -17"><span class='ocrx_word' id='word_1_76' title='bbox 305 1105 402 1134; x_wconf 87' lang='lat' dir='ltr'><strong>cam</strong></span> <span class='ocrx_word' id='word_1_77' title='bbox 434 1088 593 1151; x_wconf 79' lang='lat' dir='ltr'><strong>aequali</strong></span> <span class='ocrx_word' id='word_1_78' title='bbox 637 1088 823 1145; x_wconf 76' lang='lat' dir='ltr'><strong>colore,</strong></span> <span class='ocrx_word' id='word_1_79' title='bbox 856 1087 1154 1145; x_wconf 74' lang='lat' dir='ltr'><strong>viridiorem,</strong></span> <span class='ocrx_word' id='word_1_80' title='bbox 1191 1084 1396 1132; x_wconf 80' lang='lat' dir='ltr'><strong>maximis</strong></span> <span class='ocrx_word' id='word_1_81' title='bbox 1435 1084 1583 1131; x_wconf 80' lang='lat' dir='ltr'><strong>baccis</strong></span> <span class='ocrx_word' id='word_1_82' title='bbox 1627 1131 1633 1137; x_wconf 14' lang='lat' dir='ltr'>x</span> 
     </span>
     <span class='ocr_line' id='line_1_14' title="bbox 305 1155 1585 1223; baseline -0.003 -17"><span class='ocrx_word' id='word_1_83' title='bbox 305 1173 436 1223; x_wconf 75' lang='lat' dir='ltr'><strong>atque</strong></span> <span class='ocrx_word' id='word_1_84' title='bbox 455 1177 479 1206; x_wconf 92' lang='lat' dir='ltr'><strong>e</strong></span> <span class='ocrx_word' id='word_1_85' title='bbox 505 1160 641 1206; x_wconf 87' lang='lat' dir='ltr'><strong>viridi</strong></span> <span class='ocrx_word' id='word_1_86' title='bbox 663 1157 941 1205; x_wconf 82' lang='lat' dir='ltr'><strong>rubentibus.</strong></span> <span class='ocrx_word' id='word_1_87' title='bbox 966 1160 1062 1204; x_wconf 91' lang='lat' dir='ltr'><strong>Hac</strong></span> <span class='ocrx_word' id='word_1_88' title='bbox 1081 1159 1277 1206; x_wconf 62' lang='lat' dir='ltr'><strong>victores</strong></span> <span class='ocrx_word' id='word_1_89' title='bbox 1293 1155 1484 1219; x_wconf 84' lang='lat' dir='ltr'><strong>Delphis</strong></span> <span class='ocrx_word' id='word_1_90' title='bbox 1506 1173 1585 1202; x_wconf 89' lang='lat' dir='ltr'><strong>co·-</strong></span> 
     </span>
     <span class='ocr_line' id='line_1_15' title="bbox 304 1229 1584 1295; baseline -0.002 -17"><span class='ocrx_word' id='word_1_91' title='bbox 304 1232 487 1290; x_wconf 79' lang='lat' dir='ltr'><strong>ronari‚</strong></span> <span class='ocrx_word' id='word_1_92' title='bbox 522 1235 571 1279; x_wconf 75' lang='grc' dir='ltr'><strong>ὅζ</strong></span> <span class='ocrx_word' id='word_1_93' title='bbox 590 1233 917 1295; x_wconf 81' lang='lat' dir='ltr'><strong>triumphantes</strong></span> <span class='ocrx_word' id='word_1_94' title='bbox 948 1231 1124 1277; x_wconf 81' lang='lat' dir='ltr'><strong>Romae.</strong></span> <span class='ocrx_word' id='word_1_95' title='bbox 1155 1229 1374 1293; x_wconf 86' lang='lat' dir='ltr'><strong>Cypriam</strong></span> <span class='ocrx_word' id='word_1_96' title='bbox 1408 1229 1491 1275; x_wconf 79' lang='lat' dir='ltr'><strong>effe</strong></span> <span class='ocrx_word' id='word_1_97' title='bbox 1515 1229 1584 1275; x_wconf 90' lang='lat' dir='ltr'><strong>fo-</strong></span> 
     </span>
     <span class='ocr_line' id='line_1_16' title="bbox 305 1303 1585 1369; baseline -0.001 -19"><span class='ocrx_word' id='word_1_98' title='bbox 305 1305 371 1351; x_wconf 83' lang='lat' dir='ltr'><strong>lio</strong></span> <span class='ocrx_word' id='word_1_99' title='bbox 409 1305 572 1363; x_wconf 75' lang='lat' dir='ltr'><strong>brevi,</strong></span> <span class='ocrx_word' id='word_1_100' title='bbox 623 1306 753 1369; x_wconf 84' lang='lat' dir='ltr'><strong>nigro</strong></span> <span class='ocrx_word' id='word_1_101' title='bbox 773 1342 787 1363; x_wconf 87' lang='lat'>,</span> <span class='ocrx_word' id='word_1_102' title='bbox 823 1323 903 1368; x_wconf 88' lang='lat' dir='ltr'><strong>per</strong></span> <span class='ocrx_word' id='word_1_103' title='bbox 935 1305 1157 1369; x_wconf 84' lang='lat' dir='ltr'><strong>margines</strong></span> <span class='ocrx_word' id='word_1_104' title='bbox 1191 1303 1431 1350; x_wconf 88' lang='lat' dir='ltr'><strong>imbricato</strong></span> <span class='ocrx_word' id='word_1_105' title='bbox 1451 1339 1464 1362; x_wconf 82' lang='lat'><strong>‚</strong></span> <span class='ocrx_word' id='word_1_106' title='bbox 1500 1304 1585 1349; x_wconf 88' lang='lat' dir='ltr'><strong>cri-</strong></span> 
     </span>
     <span class='ocr_line' id='line_1_17' title="bbox 306 1376 1589 1442; baseline -0.002 -18"><span class='ocrx_word' id='word_1_107' title='bbox 306 1378 441 1440; x_wconf 82' lang='lat' dir='ltr'><strong>spam.</strong></span> <span class='ocrx_word' id='word_1_108' title='bbox 470 1380 627 1426; x_wconf 88' lang='lat' dir='ltr'><strong>Postea</strong></span> <span class='ocrx_word' id='word_1_109' title='bbox 655 1380 869 1426; x_wconf 71' lang='lat' dir='ltr'><strong>accefi&#39;ere</strong></span> <span class='ocrx_word' id='word_1_110' title='bbox 889 1395 1062 1442; x_wconf 81' lang='lat' dir='ltr'><strong>genera.</strong></span> <span class='ocrx_word' id='word_1_111' title='bbox 1095 1378 1269 1424; x_wconf 83' lang='lat' dir='ltr'><strong>Tinus:</strong></span> <span class='ocrx_word' id='word_1_112' title='bbox 1305 1376 1422 1423; x_wconf 90' lang='lat' dir='ltr'><strong>hanc</strong></span> <span class='ocrx_word' id='word_1_113' title='bbox 1456 1376 1589 1424; x_wconf 85' lang='lat' dir='ltr'><strong>filve-</strong></span> 
     </span>
     <span class='ocr_line' id='line_1_18' title="bbox 308 1449 1589 1515; baseline -0.002 -17"><span class='ocrx_word' id='word_1_114' title='bbox 308 1452 439 1498; x_wconf 86' lang='lat' dir='ltr'><strong>strem</strong></span> <span class='ocrx_word' id='word_1_115' title='bbox 471 1453 641 1498; x_wconf 83' lang='lat' dir='ltr'><strong>laurum</strong></span> <span class='ocrx_word' id='word_1_116' title='bbox 668 1452 804 1515; x_wconf 81' lang='lat' dir='ltr'><strong>aliqui</strong></span> <span class='ocrx_word' id='word_1_117' title='bbox 839 1452 1121 1515; x_wconf 80' lang='lat' dir='ltr'><strong>intelligunt,</strong></span> <span class='ocrx_word' id='word_1_118' title='bbox 1141 1451 1350 1498; x_wconf 90' lang='lat' dir='ltr'><strong>nonnulli</strong></span> <span class='ocrx_word' id='word_1_119' title='bbox 1371 1449 1435 1496; x_wconf 88' lang='lat' dir='ltr'><strong>sui</strong></span> <span class='ocrx_word' id='word_1_120' title='bbox 1455 1467 1589 1515; x_wconf 72' lang='lat' dir='ltr'><strong>gene-</strong></span> 
     </span>
     <span class='ocr_line' id='line_1_19' title="bbox 308 1523 1587 1571; baseline 0 -1"><span class='ocrx_word' id='word_1_121' title='bbox 308 1523 368 1571; x_wconf 86' lang='lat' dir='ltr'><strong>ris</strong></span> <span class='ocrx_word' id='word_1_122' title='bbox 391 1524 612 1570; x_wconf 83' lang='lat' dir='ltr'><strong>arborem.</strong></span> <span class='ocrx_word' id='word_1_123' title='bbox 635 1525 802 1571; x_wconf 78' lang='lat' dir='ltr'><strong>Differt</strong></span> <span class='ocrx_word' id='word_1_124' title='bbox 822 1524 971 1571; x_wconf 88' lang='lat' dir='ltr'><strong>color:</strong></span> <span class='ocrx_word' id='word_1_125' title='bbox 995 1526 1057 1570; x_wconf 90' lang='lat' dir='ltr'><strong>est</strong></span> <span class='ocrx_word' id='word_1_126' title='bbox 1080 1526 1199 1571; x_wconf 89' lang='lat' dir='ltr'><strong>enim</strong></span> <span class='ocrx_word' id='word_1_127' title='bbox 1217 1525 1258 1571; x_wconf 90' lang='lat' dir='ltr'><strong>ei</strong></span> <span class='ocrx_word' id='word_1_128' title='bbox 1279 1523 1466 1571; x_wconf 84' lang='lat' dir='ltr'><strong>caerulea</strong></span> <span class='ocrx_word' id='word_1_129' title='bbox 1486 1525 1587 1570; x_wconf 88' lang='lat' dir='ltr'><strong>bac-</strong></span> 
     </span>
     <span class='ocr_line' id='line_1_20' title="bbox 313 1597 1587 1662; baseline -0.002 -17"><span class='ocrx_word' id='word_1_130' title='bbox 313 1615 380 1645; x_wconf 87' lang='lat' dir='ltr'><strong>ca.</strong></span> <span class='ocrx_word' id='word_1_131' title='bbox 408 1599 600 1645; x_wconf 84' lang='lat' dir='ltr'><strong>Acceffit</strong></span> <span class='ocrx_word' id='word_1_132' title='bbox 628 1600 677 1645; x_wconf 88' lang='lat'>&amp;</span> <span class='ocrx_word' id='word_1_133' title='bbox 703 1598 820 1661; x_wconf 82' lang='lat' dir='ltr'><strong>regia</strong></span> <span class='ocrx_word' id='word_1_134' title='bbox 837 1634 850 1656; x_wconf 80' lang='grc'>,</span> <span class='ocrx_word' id='word_1_135' title='bbox 878 1615 975 1661; x_wconf 84' lang='lat' dir='ltr'><strong>quae</strong></span> <span class='ocrx_word' id='word_1_136' title='bbox 1004 1599 1144 1660; x_wconf 83' lang='lat' dir='ltr'><strong>coepit</strong></span> <span class='ocrx_word' id='word_1_137' title='bbox 1169 1598 1363 1662; x_wconf 86' lang='lat' dir='ltr'><strong>Augusta</strong></span> <span class='ocrx_word' id='word_1_138' title='bbox 1396 1597 1587 1660; x_wconf 84' lang='lat' dir='ltr'><strong>appella·</strong></span> 
     </span>
     <span class='ocr_line' id='line_1_21' title="bbox 313 1669 1589 1734; baseline 0 -19"><span class='ocrx_word' id='word_1_139' title='bbox 313 1670 375 1728; x_wconf 78' lang='lat' dir='ltr'><strong>ri,</strong></span> <span class='ocrx_word' id='word_1_140' title='bbox 406 1671 662 1733; x_wconf 82' lang='lat' dir='ltr'><strong>ampliffima</strong></span> <span class='ocrx_word' id='word_1_141' title='bbox 698 1673 748 1717; x_wconf 70' lang='grc' dir='ltr'><strong>δε</strong></span> <span class='ocrx_word' id='word_1_142' title='bbox 782 1671 942 1716; x_wconf 87' lang='lat' dir='ltr'><strong>arbore</strong></span> <span class='ocrx_word' id='word_1_143' title='bbox 973 1672 1023 1716; x_wconf 65' lang='grc' dir='ltr'><strong>ὃς</strong></span> <span class='ocrx_word' id='word_1_144' title='bbox 1054 1670 1197 1729; x_wconf 82' lang='lat' dir='ltr'><strong>folio,</strong></span> <span class='ocrx_word' id='word_1_145' title='bbox 1235 1671 1382 1717; x_wconf 88' lang='lat' dir='ltr'><strong>baccis</strong></span> <span class='ocrx_word' id='word_1_146' title='bbox 1418 1669 1589 1734; x_wconf 84' lang='lat' dir='ltr'><strong>gustatu</strong></span> 
     </span>
     <span class='ocr_line' id='line_1_22' title="bbox 311 1743 1590 1808; baseline 0.002 -21"><span class='ocrx_word' id='word_1_147' title='bbox 311 1759 497 1806; x_wconf 73' lang='lat' dir='ltr'><strong>quoque</strong></span> <span class='ocrx_word' id='word_1_148' title='bbox 531 1761 627 1789; x_wconf 86' lang='lat' dir='ltr'><strong>non</strong></span> <span class='ocrx_word' id='word_1_149' title='bbox 659 1744 832 1806; x_wconf 75' lang='lat' dir='ltr'><strong>asperis.</strong></span> <span class='ocrx_word' id='word_1_150' title='bbox 870 1744 1023 1807; x_wconf 80' lang='lat' dir='ltr'><strong>Aliqui</strong></span> <span class='ocrx_word' id='word_1_151' title='bbox 1059 1756 1222 1808; x_wconf 82' lang='lat' dir='ltr'><strong>negant</strong></span> <span class='ocrx_word' id='word_1_152' title='bbox 1255 1745 1441 1791; x_wconf 87' lang='lat' dir='ltr'><strong>eandem</strong></span> <span class='ocrx_word' id='word_1_153' title='bbox 1473 1743 1590 1801; x_wconf 82' lang='lat' dir='ltr'><strong>effe,</strong></span> 
     </span>
     <span class='ocr_line' id='line_1_23' title="bbox 313 1814 1653 1879; baseline 0 -18"><span class='ocrx_word' id='word_1_154' title='bbox 313 1816 364 1861; x_wconf 71' lang='grc' dir='ltr'><strong>δε</strong></span> <span class='ocrx_word' id='word_1_155' title='bbox 385 1814 507 1860; x_wconf 75' lang='lat' dir='ltr'><strong>suum</strong></span> <span class='ocrx_word' id='word_1_156' title='bbox 537 1833 673 1879; x_wconf 80' lang='lat' dir='ltr'><strong>genus</strong></span> <span class='ocrx_word' id='word_1_157' title='bbox 702 1816 833 1879; x_wconf 64' lang='lat' dir='ltr'><strong>regiae</strong></span> <span class='ocrx_word' id='word_1_158' title='bbox 856 1816 1055 1875; x_wconf 84' lang='lat' dir='ltr'><strong>faciunt,</strong></span> <span class='ocrx_word' id='word_1_159' title='bbox 1084 1817 1368 1879; x_wconf 78' lang='lat' dir='ltr'><strong>longioribus</strong></span> <span class='ocrx_word' id='word_1_160' title='bbox 1386 1815 1508 1862; x_wconf 85' lang='lat' dir='ltr'><strong>foliis</strong></span> <span class='ocrx_word' id='word_1_161' title='bbox 1527 1815 1587 1862; x_wconf 86' lang='lat' dir='ltr'><strong>la·</strong></span> <span class='ocrx_word' id='word_1_162' title='bbox 1649 1819 1653 1822; x_wconf 80' lang='grc'><strong><em>’</em></strong></span> 
     </span>
     <span class='ocr_line' id='line_1_24' title="bbox 314 1887 1589 1954; baseline 0.002 -22"><span class='ocrx_word' id='word_1_163' title='bbox 314 1887 607 1952; x_wconf 55' lang='lat' dir='ltr'><strong>floribusque</strong></span> <span class='ocrx_word' id='word_1_164' title='bbox 640 1891 777 1936; x_wconf 88' lang='lat' dir='ltr'><strong>Iidem</strong></span> <span class='ocrx_word' id='word_1_165' title='bbox 805 1891 850 1935; x_wconf 89' lang='lat' dir='ltr'><strong>in</strong></span> <span class='ocrx_word' id='word_1_166' title='bbox 875 1891 965 1936; x_wconf 89' lang='lat' dir='ltr'><strong>alio</strong></span> <span class='ocrx_word' id='word_1_167' title='bbox 997 1908 1157 1954; x_wconf 82' lang='lat' dir='ltr'><strong>genere</strong></span> <span class='ocrx_word' id='word_1_168' title='bbox 1178 1889 1420 1937; x_wconf 88' lang='lat' dir='ltr'><strong>baccaliam</strong></span> <span class='ocrx_word' id='word_1_169' title='bbox 1438 1889 1589 1952; x_wconf 67' lang='lat' dir='ltr'><strong>appel-</strong></span> 
     </span>
     <span class='ocr_line' id='line_1_25' title="bbox 313 1958 1589 2024; baseline 0.003 -22"><span class='ocrx_word' id='word_1_170' title='bbox 313 1958 409 2003; x_wconf 62' lang='lat' dir='ltr'><strong>Lm</strong></span> <span class='ocrx_word' id='word_1_171' title='bbox 441 1959 555 2006; x_wconf 88' lang='lat' dir='ltr'><strong>hanc</strong></span> <span class='ocrx_word' id='word_1_172' title='bbox 581 1977 681 2023; x_wconf 82' lang='lat' dir='ltr'><strong>quae</strong></span> <span class='ocrx_word' id='word_1_173' title='bbox 703 1961 996 2024; x_wconf 72' lang='lat' dir='ltr'><strong>vulgatissima</strong></span> <span class='ocrx_word' id='word_1_174' title='bbox 1026 1962 1089 2015; x_wconf 86' lang='lat' dir='ltr'><strong>est</strong></span> <span class='ocrx_word' id='word_1_175' title='bbox 1106 1998 1119 2020; x_wconf 85' lang='lat'>‚</span> <span class='ocrx_word' id='word_1_176' title='bbox 1145 1963 1471 2024; x_wconf 88' lang='lat' dir='ltr'><strong>baccarumque</strong></span> <span class='ocrx_word' id='word_1_177' title='bbox 1499 1959 1589 2006; x_wconf 88' lang='lat' dir='ltr'><strong>fer-</strong></span> 
     </span>
     <span class='ocr_line' id='line_1_26' title="bbox 316 2031 1590 2098; baseline 0.002 -22"><span class='ocrx_word' id='word_1_178' title='bbox 316 2031 521 2080; x_wconf 68' lang='lat' dir='ltr'><strong>tilifiima.</strong></span> <span class='ocrx_word' id='word_1_179' title='bbox 563 2033 766 2080; x_wconf 86' lang='lat' dir='ltr'><strong>Sterilem</strong></span> <span class='ocrx_word' id='word_1_180' title='bbox 789 2050 902 2082; x_wconf 82' lang='lat' dir='ltr'><strong>vero</strong></span> <span class='ocrx_word' id='word_1_181' title='bbox 927 2051 1077 2081; x_wconf 88' lang='lat' dir='ltr'><strong>earum</strong></span> <span class='ocrx_word' id='word_1_182' title='bbox 1115 2034 1260 2098; x_wconf 88' lang='lat' dir='ltr'><strong>(quod</strong></span> <span class='ocrx_word' id='word_1_183' title='bbox 1282 2034 1475 2080; x_wconf 84' lang='lat' dir='ltr'><strong>maxime</strong></span> <span class='ocrx_word' id='word_1_184' title='bbox 1507 2033 1590 2078; x_wconf 44' lang='lat' dir='ltr'><strong>mi*-</strong></span> 
     </span>
     <span class='ocr_line' id='line_1_27' title="bbox 315 2104 1586 2170; baseline -0.002 -20"><span class='ocrx_word' id='word_1_185' title='bbox 315 2106 420 2167; x_wconf 84' lang='lat' dir='ltr'><strong>ror)</strong></span> <span class='ocrx_word' id='word_1_186' title='bbox 442 2106 754 2168; x_wconf 87' lang='lat' dir='ltr'><strong>triumphalem</strong></span> <span class='ocrx_word' id='word_1_187' title='bbox 769 2142 782 2164; x_wconf 86' lang='lat'><strong>‚</strong></span> <span class='ocrx_word' id='word_1_188' title='bbox 809 2123 947 2170; x_wconf 90' lang='lat' dir='ltr'><strong>eaque</strong></span> <span class='ocrx_word' id='word_1_189' title='bbox 974 2107 1130 2153; x_wconf 88' lang='lat' dir='ltr'><strong>dicunt</strong></span> <span class='ocrx_word' id='word_1_190' title='bbox 1149 2105 1472 2168; x_wconf 82' lang='lat' dir='ltr'><strong>triumphantes</strong></span> <span class='ocrx_word' id='word_1_191' title='bbox 1494 2104 1586 2150; x_wconf 86' lang='lat' dir='ltr'><strong>uti:</strong></span> 
     </span>
     <span class='ocr_line' id='line_1_28' title="bbox 317 2177 1587 2242; baseline 0 -20"><span class='ocrx_word' id='word_1_192' title='bbox 317 2177 397 2223; x_wconf 78' lang='lat' dir='ltr'><strong>nisi</strong></span> <span class='ocrx_word' id='word_1_193' title='bbox 430 2178 475 2222; x_wconf 92' lang='lat' dir='ltr'><strong>id</strong></span> <span class='ocrx_word' id='word_1_194' title='bbox 500 2195 524 2223; x_wconf 90' lang='lat' dir='ltr'><strong>a</strong></span> <span class='ocrx_word' id='word_1_195' title='bbox 550 2180 681 2224; x_wconf 87' lang='lat' dir='ltr'><strong>Divo</strong></span> <span class='ocrx_word' id='word_1_196' title='bbox 708 2178 909 2242; x_wconf 81' lang='lat' dir='ltr'><strong>Augusto</strong></span> <span class='ocrx_word' id='word_1_197' title='bbox 935 2177 1076 2240; x_wconf 87' lang='lat' dir='ltr'><strong>coepit</strong></span> <span class='ocrx_word' id='word_1_198' title='bbox 1095 2213 1108 2235; x_wconf 87' lang='lat'>,</span> <span class='ocrx_word' id='word_1_199' title='bbox 1136 2190 1185 2223; x_wconf 85' lang='lat' dir='ltr'><strong>ut</strong></span> <span class='ocrx_word' id='word_1_200' title='bbox 1216 2178 1507 2233; x_wconf 78' lang='lat' dir='ltr'><strong>docebimus,</strong></span> <span class='ocrx_word' id='word_1_201' title='bbox 1531 2192 1587 2222; x_wconf 71' lang='lat' dir='ltr'><strong>ex</strong></span> 
     </span>
     <span class='ocr_line' id='line_1_29' title="bbox 316 2248 1587 2313; baseline -0.002 -17"><span class='ocrx_word' id='word_1_202' title='bbox 316 2267 368 2297; x_wconf 91' lang='lat' dir='ltr'><strong>ea</strong></span> <span class='ocrx_word' id='word_1_203' title='bbox 403 2248 562 2306; x_wconf 82' lang='lat' dir='ltr'><strong>lauru,</strong></span> <span class='ocrx_word' id='word_1_204' title='bbox 600 2267 699 2313; x_wconf 81' lang='lat' dir='ltr'><strong>quae</strong></span> <span class='ocrx_word' id='word_1_205' title='bbox 735 2252 774 2296; x_wconf 90' lang='lat' dir='ltr'><strong>ei</strong></span> <span class='ocrx_word' id='word_1_206' title='bbox 810 2250 931 2296; x_wconf 83' lang='lat' dir='ltr'><strong>miffa</strong></span> <span class='ocrx_word' id='word_1_207' title='bbox 959 2266 983 2295; x_wconf 95' lang='lat' dir='ltr'><strong>e</strong></span> <span class='ocrx_word' id='word_1_208' title='bbox 1011 2249 1123 2295; x_wconf 78' lang='lat' dir='ltr'><strong>caelo</strong></span> <span class='ocrx_word' id='word_1_209' title='bbox 1160 2249 1250 2307; x_wconf 82' lang='lat' dir='ltr'><strong>est,</strong></span> <span class='ocrx_word' id='word_1_210' title='bbox 1281 2248 1587 2296; x_wconf 82' lang='lat' dir='ltr'><strong>minima.alti-</strong></span> 
     </span>
     <span class='ocr_line' id='line_1_30' title="bbox 317 2321 1588 2384; baseline -0.003 -15"><span class='ocrx_word' id='word_1_211' title='bbox 317 2323 472 2369; x_wconf 85' lang='lat' dir='ltr'><strong>tudine</strong></span> <span class='ocrx_word' id='word_1_212' title='bbox 493 2357 506 2380; x_wconf 83' lang='lat'>‚</span> <span class='ocrx_word' id='word_1_213' title='bbox 537 2322 652 2369; x_wconf 87' lang='lat' dir='ltr'><strong>folio</strong></span> <span class='ocrx_word' id='word_1_214' title='bbox 682 2322 827 2384; x_wconf 84' lang='lat' dir='ltr'><strong>crispo</strong></span> <span class='ocrx_word' id='word_1_215' title='bbox 853 2339 903 2368; x_wconf 86' lang='lat' dir='ltr'><strong>ac</strong></span> <span class='ocrx_word' id='word_1_216' title='bbox 937 2321 1102 2379; x_wconf 84' lang='lat' dir='ltr'><strong>brevi,</strong></span> <span class='ocrx_word' id='word_1_217' title='bbox 1138 2321 1333 2368; x_wconf 88' lang='lat' dir='ltr'><strong>inventu</strong></span> <span class='ocrx_word' id='word_1_218' title='bbox 1362 2337 1470 2368; x_wconf 87' lang='lat' dir='ltr'><strong>rara.</strong></span> <span class='ocrx_word' id='word_1_219' title='bbox 1498 2322 1588 2366; x_wconf 84' lang='lat' dir='ltr'><strong>Ac-</strong></span> 
     </span>
     <span class='ocr_line' id='line_1_31' title="bbox 319 2393 1591 2456; baseline -0.003 -15"><span class='ocrx_word' id='word_1_220' title='bbox 319 2395 436 2441; x_wconf 75' lang='lat' dir='ltr'><strong>cedit</strong></span> <span class='ocrx_word' id='word_1_221' title='bbox 471 2395 516 2439; x_wconf 89' lang='lat' dir='ltr'><strong>in</strong></span> <span class='ocrx_word' id='word_1_222' title='bbox 551 2395 748 2456; x_wconf 85' lang='lat' dir='ltr'><strong>topiario</strong></span> <span class='ocrx_word' id='word_1_223' title='bbox 783 2411 919 2456; x_wconf 84' lang='lat' dir='ltr'><strong>opere</strong></span> <span class='ocrx_word' id='word_1_224' title='bbox 949 2406 1049 2439; x_wconf 78' lang='lat' dir='ltr'><strong>taxa</strong></span> <span class='ocrx_word' id='word_1_225' title='bbox 1070 2430 1083 2449; x_wconf 82' lang='lat'>‚</span> <span class='ocrx_word' id='word_1_226' title='bbox 1113 2394 1390 2441; x_wconf 83' lang='lat' dir='ltr'><strong>excrescente</strong></span> <span class='ocrx_word' id='word_1_227' title='bbox 1421 2393 1469 2438; x_wconf 89' lang='lat' dir='ltr'><strong>in</strong></span> <span class='ocrx_word' id='word_1_228' title='bbox 1495 2409 1591 2438; x_wconf 85' lang='lat' dir='ltr'><strong>me-</strong></span> 
     </span>
     <span class='ocr_line' id='line_1_32' title="bbox 320 2465 1591 2530; baseline -0.002 -17"><span class='ocrx_word' id='word_1_229' title='bbox 320 2467 396 2513; x_wconf 75' lang='lat' dir='ltr'><strong>dio</strong></span> <span class='ocrx_word' id='word_1_230' title='bbox 430 2466 545 2514; x_wconf 75' lang='lat' dir='ltr'><strong>folio</strong></span> <span class='ocrx_word' id='word_1_231' title='bbox 577 2466 797 2530; x_wconf 76' lang='lat' dir='ltr'><strong>parvulo,</strong></span> <span class='ocrx_word' id='word_1_232' title='bbox 825 2466 968 2516; x_wconf 80' lang='lat' dir='ltr'><strong>veluti</strong></span> <span class='ocrx_word' id='word_1_233' title='bbox 994 2466 1155 2516; x_wconf 80' lang='lat' dir='ltr'><strong>lacinia</strong></span> <span class='ocrx_word' id='word_1_234' title='bbox 1186 2465 1299 2514; x_wconf 85' lang='lat' dir='ltr'><strong>folii.</strong></span> <span class='ocrx_word' id='word_1_235' title='bbox 1329 2467 1385 2513; x_wconf 89' lang='lat' dir='ltr'><strong>Et</strong></span> <span class='ocrx_word' id='word_1_236' title='bbox 1421 2465 1509 2512; x_wconf 74' lang='lat' dir='ltr'><strong>line</strong></span> <span class='ocrx_word' id='word_1_237' title='bbox 1539 2480 1591 2512; x_wconf 86' lang='lat' dir='ltr'><strong>ea</strong></span> 
     </span>
    </p>
   </div>
  </div>
 </body>
</html>
