1653 2797
225 187 1243 238 NATUR.H18TOR.L113.XV11.
1318 172 1405 252 17'9

123 296 218 362 gari
245 310 448 362 opertam
473 295 734 343 stramentis.
769 296 906 342 Nunc
933 297 1111 344 abunde
1136 297 1405 346 arbitrantur

121 371 301 434 paleato
327 371 426 418 luto
456 368 614 415 sarcire
650 367 766 412 libro
786 402 799 424 ,
823 367 938 414 duos
970 369 1134 431 digitos
1162 369 1295 416 inlito
1326 387 1404 416 ex-

123 441 278 490 stante.
309 445 463 490 Verno
500 440 740 486 inserentes
772 450 947 502 tempus
982 454 1140 503 urget,
1173 442 1405 489 incitanti-

121 515 204 562 bus
230 515 272 562 se
306 513 490 578 gemmis
508 550 525 570 ,
563 524 861 576 praeterquam
891 513 938 558 in
969 513 1070 558 olea
1088 550 1100 572 ‚
1140 515 1265 576 cujus
1301 516 1403 561 diu-

121 589 279 635 tiffime
312 587 437 634 oculi
470 586 755 650 parturiunt,
800 586 1128 650 minimumque
1160 587 1279 634 succi
1319 590 1400 636 ha—

119 662 229 708 bent
258 659 337 706 sub
367 661 566 719 cortice,
597 659 675 723 qui
709 659 871 705 nimius
902 658 1039 705 insitis
1074 673 1226 707 nocet.
1266 663 1401 708 Puni-

121 751 217 781 cam
243 750 357 781 vero
380 734 429 781 &
454 732 615 791 ficum,
641 749 898 797 quanquam
924 733 1029 779 alias
1052 732 1166 780 licea
1196 735 1308 792 fint⁷
1328 752 1401 781 rea-

120 806 360 854 crastinare
384 806 569 853 minime
588 805 709 852 utile.
740 806 890 852 Pirum
915 805 990 852 vel
1020 805 1259 853 florentem
1285 808 1401 854 inse-

120 896 219 927 rere
244 879 373 938 licet‚
403 880 454 927 &
487 879 534 925 in
572 877 743 940 Majum
774 895 957 942 quoque
994 881 1188 926 mensem
1212 892 1401 943 proten-

123 955 228 1002 dere
262 955 534 1001 infitionem.
570 956 714 1015 Quod
751 956 784 1001 fi
816 956 998 1020 longius
1037 955 1274 1004 afferantur
1312 975 1402 1020 po-

121 1045 304 1076 morum
328 1028 516 1087 calami,
536 1044 648 1090 rapo
675 1026 840 1074 infixos
866 1029 1037 1092 optime
1059 1029 1280 1077 custodire
1300 1030 1401 1078 suc-

122 1118 226 1149 cum
256 1100 548 1147 arbitrantur:
584 1099 753 1146 servari
779 1100 894 1146 inter
914 1101 1029 1148 duos
1052 1100 1257 1149 imbrices
1273 1101 1401 1164 juxta

120 1173 251 1222 rivos
266 1209 280 1231 ,
303 1173 378 1221 vel
402 1171 590 1236 piscinas
607 1208 621 1230 ,
648 1172 862 1235 utrinque
895 1184 1012 1220 terra
1031 1174 1295 1221 obstructos.
1315 1176 1399 1221 Vi-

121 1249 235 1295 tium
265 1264 380 1296 vero
411 1248 458 1293 in
488 1246 720 1294 scrobibus
747 1246 872 1294 ficcis
909 1248 1152 1295 stramento
1186 1261 1400 1312 opertos,

121 1322 358 1370 acdeinde
385 1333 503 1368 terra
529 1322 718 1369 obrutos
736 1358 750 1379 ‚
778 1335 828 1368 ut
859 1323 1090 1370 cacumine
1116 1323 1336 1373 exsistant.

203 1398 354 1444 XXV.
389 1397 508 1443 Cato
538 1397 681 1444 vitem
715 1396 855 1443 tribus
890 1398 1038 1444 modis
1076 1397 1240 1445 inserit.
1280 1401 1401 1446 Prae-

123 1471 280 1519 sectam
310 1469 420 1517 findi
444 1470 567 1531 jubet
599 1487 678 1533 per
704 1471 976 1527 medullam,
1004 1471 1050 1516 in
1080 1488 1177 1517 eam
1199 1472 1402 1520 surculos

123 1556 337 1593 exacutos
360 1543 432 1608 (ut
463 1544 629 1590 dictum
652 1542 734 1607 est)
767 1543 899 1602 addi,
927 1544 1142 1591 medullas
1160 1543 1302 1609 jungi.
1323 1546 1404 1592 Al-

123 1632 255 1677 tero,
290 1618 322 1664 fi
350 1618 466 1664 inter
497 1616 581 1663 sese
610 1617 727 1663 vites
765 1617 1055 1681 contingant,
1088 1618 1316 1682 utriusque
1356 1618 1403 1665 in

125 1693 367 1756 obliquum
393 1692 527 1738 latere
563 1691 796 1738 contrario
829 1691 982 1739 adraso
1010 1691 1170 1753 junctis
1199 1693 1405 1741 medullis

125 1764 344 1829 colligari.
374 1764 581 1812 Tertium
613 1780 752 1827 genus
789 1763 877 1822 est,
914 1764 1136 1811 terebrare
1180 1765 1323 1812 vitem
1358 1766 1405 1812 in

127 1839 366 1902 obliquum
399 1838 454 1884 ad
485 1836 755 1895 medullam,
794 1837 1076 1902 calamosque
1108 1839 1269 1885 addere
1300 1839 1406 1885 lon-

126 1926 210 1974 gos
239 1910 374 1973 pedes
401 1909 562 1969 binos,
594 1923 726 1975 atque
756 1911 817 1957 ita
843 1911 1027 1974 ligatum
1046 1911 1222 1958 insitum
1240 1949 1253 1971 ‚
1277 1913 1409 1959 intri-

126 1994 263 2046 taque
292 1982 456 2029 illitum
480 1983 661 2045 operire
678 1994 809 2029 terra
824 2019 838 2042 ‚
860 1983 1039 2029 calamis
1063 1982 1286 2033 subrectis.
1305 1986 1409 2032 No-

126 2055 213 2102 stra
240 2070 341 2102 aetas
359 2055 584 2114 correxit,
603 2067 654 2102 ut
674 2055 848 2103 Gallica
868 2068 1065 2103 uteretur
1081 2058 1254 2104 terebra
1268 2095 1281 2117 ‚
1306 2076 1407 2122 quae

127 2140 348 2187 excavat,
383 2146 468 2175 nec
492 2128 611 2175 urit:
646 2128 862 2192 quoniam
891 2128 1063 2175 adustio
1096 2130 1244 2176 omnis
1272 2130 1411 2177 hebe-

128 2214 217 2248 tat:
254 2212 387 2265 atque
418 2212 468 2247 ut
496 2199 790 2264 gemmascere
825 2200 1044 2263 incipiens
1081 2201 1254 2265 legatur
1296 2202 1413 2249 cala-

128 2291 257 2323 mus:
288 2290 371 2320 nec
392 2272 491 2337 plus
517 2291 650 2337 quam
673 2273 789 2320 binis
819 2273 874 2320 ab
894 2273 1026 2321 insito
1059 2275 1274 2321 emineret
1297 2291 1413 2321 ocu-

135 2349 217 2406 lis,
242 2347 396 2395 ulmeo
425 2347 600 2399 vimine
630 2347 862 2412 alligatus,
896 2348 1090 2412 binaque
1119 2348 1416 2395 circumcide-

129 2432 253 2468 retur
282 2421 375 2467 acie
406 2437 431 2466 a
469 2421 640 2466 duabus
671 2420 894 2483 partibus,
933 2433 983 2467 ut
1012 2421 1114 2467 inde
1153 2421 1304 2483 potius
1343 2422 1413 2468 di-

129 2493 311 2542 stillaret
329 2509 520 2554 mucor,
555 2492 633 2556 qui
656 2494 849 2541 maxime
873 2493 988 2542 vites
1008 2492 1198 2542 infestat.
1229 2495 1413 2542 Deinde
1454 2512 1457 2513 ⁷

1048 2570 1098 2614 M
1128 2586 1152 2613 2
