1653 2797
311 153 594 202 NATUR.
631 150 926 198 HISTOR.
962 150 1095 196 LIB.
1135 150 1286 198 XIV.
1442 166 1462 217 5

246 266 298 311 11.
332 263 464 311 Unde
498 271 646 306 autem
677 257 829 320 potius
858 255 1152 320 incipiemus,
1182 275 1318 323 quam
1349 276 1373 305 a
1396 259 1466 305 vi-

182 336 331 387 tibus?
359 349 547 400 quarum
567 331 843 394 principatus
864 330 911 375 in
928 341 1101 377 tantum
1126 330 1361 393 peculiaris
1383 334 1468 378 Ita-

182 411 255 457 liae
286 408 379 465 est,
407 417 457 452 ut
490 404 568 451 vel
602 404 692 451 hoc
729 421 825 451 uno
865 405 1019 451 omnia
1051 406 1250 468 gentium
1281 406 1465 465 vicisse,

183 497 319 547 quam
355 477 619 535 odorifera,
651 477 786 540 pofflt
821 477 967 523 videri
1007 478 1129 523 bona
1162 496 1171 523 :
1212 495 1467 542 quanquam

180 555 437 615 ubicunque
466 550 801 615 pubescentium
820 550 956 597 odori
982 550 1103 597 nulla
1130 549 1324 598 suavitas
1349 568 1465 614 prae-

180 628 334 675 fertur.
371 626 498 672 Vites
524 624 623 687 jure
654 624 775 687 apud
808 623 978 685 priscos
1004 623 1313 687 magnitudine
1348 641 1466 686 quo-

179 718 268 766 que
308 700 424 746 inter
468 698 652 745 arbores
697 698 1059 744 numerabantur.
1118 697 1246 744 Jovis
1286 698 1463 745 simula-

179 791 307 822 crum
323 773 371 818 in
388 771 498 818 urbe
517 770 781 834 Populonio
800 786 857 816 ex
877 787 964 815 una
982 768 1301 833 conspicimus,
1319 776 1390 816 tot
1409 788 1464 816 ae-

178 848 252 896 vis
273 848 614 908 incorruptum:
638 844 748 890 item
766 842 965 890 Maffiliae
984 854 1192 906 pateram.
1213 844 1468 906 Metaponti

176 920 395 983 templum
423 917 612 966 Junonis
639 916 867 979 vitigineis
897 916 1122 964 columnis
1155 916 1284 963 stetit.
1322 916 1468 964 Etiam

176 1011 299 1043 nunc
320 992 444 1039 scalis
471 992 634 1037 testum
655 989 853 1051 Ephesiae
884 990 1048 1036 Dianae
1070 988 1294 1036 scanditur
1321 1007 1410 1036 una
1441 1007 1467 1037 e

176 1068 273 1115 vite
318 1064 521 1129 Cypria,
555 1075 605 1109 ut
643 1061 817 1118 ferunt,
851 1063 1070 1126 quoniam
1109 1063 1172 1109 ibi
1209 1063 1264 1110 ad
1302 1064 1463 1126 praeci-

174 1156 308 1204 puam
331 1137 671 1200 amplitudinem
688 1146 869 1182 exeunt.
894 1136 990 1181 Nec
1010 1135 1072 1182 est
1092 1136 1219 1199 ligno
1236 1135 1320 1181 ulli
1340 1149 1466 1183 aeter-

175 1211 281 1257 nior
313 1221 486 1255 natura.
525 1209 697 1253 Verum
724 1206 803 1252 ista
835 1222 892 1252 ex
921 1207 1197 1253 silvestribus
1226 1207 1337 1254 fa&a
1369 1225 1466 1255 cre-

175 1282 381 1329 diderim.

238 1356 308 1401 111.
342 1355 438 1398 Hae‘
453 1351 573 1397 vites
603 1348 785 1396 tonsura
811 1366 961 1395 annua
995 1362 1294 1409 coercentur,
1322 1355 1372 1401 &
1391 1353 1464 1400 vis

176 1443 325 1474 earum
352 1424 501 1472 omnis
533 1435 758 1471 evocatur
782 1422 827 1468 in
848 1423 1078 1486 palmites,
1097 1435 1173 1470 aut
1197 1425 1463 1489 deprimitur

174 1500 223 1546 in
252 1498 546 1562 propagines,
568 1495 773 1560 succique
799 1507 972 1543 tantum
999 1496 1138 1559 gratia
1160 1497 1280 1544 exire
1307 1499 1464 1547 finitur

173 1570 377 1635 pluribus
413 1567 638 1615 modisad
669 1567 766 1615 caeli
789 1584 964 1624 moreS,
983 1566 1157 1631 solique·
1191 1567 1380 1634 ingenia.
1412 1573 1463 1617 In

175 1645 412 1706 Campano
429 1658 540 1706 agro
558 1640 740 1705 populis
759 1641 956 1687 nubunt:
973 1640 1238 1704 maritasque
1258 1643 1461 1706 comple-

175 1734 263 1773 xae,
282 1728 414 1779 atque
429 1732 508 1778 per
526 1731 676 1762 ramos
689 1731 840 1761 earum
853 1713 1121 1777 procacibus
1136 1714 1329 1762 brachiis
1346 1716 1463 1781 geni»

174 1790 323 1838 culato
352 1788 483 1836 cursu
504 1788 786 1845 scandentes,
813 1787 1045 1836 cacumina
1069 1800 1273 1853 aequant‘,
1292 1785 1341 1837 in
1364 1803 1462 1838 tan-

174 1878 270 1912 tum
309 1864 546 1922 sublimes,
587 1877 639 1911 ut
676 1864 956 1912 vindemitor
1000 1865 1253 1913 auftoratm
1298 1883 1462 1931 rogum

176 1954 229 1984 ac
259 1937 478 1983 tumulum
508 1935 716 2000 excipiat.
753 1935 898 1982 Nullo
928 1933 1017 1982 fine
1045 1935 1275 1995 crescunt,
1294 1938 1461 1985 dividi·

174 2027 262 2074 que
278 2047 293 2067 ,
319 2020 393 2056 aut
422 2010 577 2072 potius
600 2009 737 2056 avelli
769 2021 1010 2071 nequeunt.
1053 2009 1193 2056 Villas
1217 2012 1266 2057 &
1293 2010 1461 2057 domos

174 2083 334 2130 ambiri
367 2083 636 2147 singularum
673 2082 931 2146 palmitibus
967 2099 1018 2131 ac
1052 2081 1312 2145 sequacibus
1347 2082 1461 2129 loris

175 2156 392 2203 memoria
421 2156 606 2219 dignum
645 2157 762 2203 inter
794 2155 939 2219 prima
975 2154 1241 2201 Valerianus
1273 2171 1459 2219 quoque

177 2227 417 2274 Cornelius
447 2227 734 2275 existimavit.
776 2230 879 2275 Una
914 2226 1021 2274 vitis
1047 2227 1209 2274 Romae
1236 2227 1284 2273 in
1310 2226 1459 2280 Liyiae

175 2299 426 2361 porticibus
460 2300 677 2348 subdiales
706 2300 1082 2347 inambulationes
1112 2299 1331 2346 umbrofis
1356 2316 1459 2362 per-

176 2371 291 2434 gulis
312 2383 470 2435 opacat
486 2408 500 2430 ,
519 2375 673 2420 eadem
696 2374 915 2421 duodenis
949 2374 1082 2421 musti
1108 2373 1336 2436 amphoris
1366 2373 1459 2420 foe-

180 2445 337 2492 cunda.
374 2445 536 2494 Ulmos
572 2448 754 2512 quidem
786 2448 955 2513 ubique
990 2447 1268 2511 exsuperant.
1313 2447 1457 2494 Mira·-

1122 2521 1223 2583 A}
