1653 2797
263 133 549 187 NATUR.
584 138 1042 202 Η15,ΤΟΒ.ΜΒ.
1078 138 1226 189 XIX.
1313 154 1409 208 353„

123 246 176 295 &
194 247 358 311 repleri
383 247 640 311 ablaqueata
670 246 827 293 hum0.
854 248 1059 307 Quidam
1093 251 1143 298 δε·
1167 250 1292 297 aliter
1310 268 1411 299 am·-

122 322 391 386 plitudinem
410 332 602 384 augent:
623 319 770 365 recifis
785 355 798 377 ,
828 337 929 367 cum
959 323 1013 368 ad
1038 323 1306 387 semipedem
1328 343 1412 374 ex-

125 395 380 451 creverint,
415 391 616 455 fimoque
662 389 793 436 suillo
830 394 1000 439 recenti
1033 390 1169 445 illitis.
1222 399 1410 446 Cando—

123 482 220 511 rem
253 480 378 531 vero?
392 474 552 525 putant
579 461 845 527 contingere
875 462 928 510 iis
949 463 1181 513 dumtaxat
1205 485 1305 531 quae
1325 469 1412 516 fint

125 538 301 586 seminis
337 536 428 583 albi
447 572 462 593 ,
485 537 516 582 fi
536 553 672 584 arena
705 537 759 583 de
790 536 924 585 litore
944 555 969 584 a
988 539 1138 601 primo
1160 541 1412 590 inci-emeno

124 623 176 658 to
211 620 479 673 congeratur
506 607 553 654 in
583 608 782 667 medias,
809 624 942 673 atque
976 610 1269 660 increscentia
1301 615 1413 662 folia

121 693 283 729 contra
304 680 417 743 ipsas
437 679 702 744 religentur.

187 758 284 804 XL.
320 758 426 802 Beta
447 753 783 803 hortensiorum
814 754 1030 804 leviffima
1058 754 1132 806 est.
1169 759 1276 820 Ejus
1296 778 1411 825 quoe

119 846 211 894 que
242 846 267 875 a
293 827 452 876 colore
483 828 576 874 duo
605 845 769 893 genera
794 829 944 876 Gra-,ci
973 829 1172 891 faciunt,
1206 834 1411 898 nigrum,

121 904 173 950 &
192 901 447 959 candidius,
476 902 604 964 quod
633 901 908 963 praeferunt,
933 902 1170 964 parciffimi
1198 905 1373 959 seminis
1394 926 1406 954 :

121 975 437 1040 appellantque
471 973 716 1031 Siculum,
757 974 969 1021 candoris
1012 975 1114 1023 sane
1157 978 1411 1027 discrimine

121 1048 409 1113 praeferentes
442 1047 495 1094 &
528 1046 759 1095 lactucam.
804 1046 961 1094 Nostri
996 1047 1112 1096 betae
1143 1067 1305 1114 genera
1341 1052 1409 1100 fa-

118 1120 278 1181 ciunt,
304 1135 499 1168 vernum
529 1121 581 1167 δε
597 1118 883 1177 autumnale,
915 1137 940 1165 a
959 1122 1238 1184 temporibus
1264 1123 1408 1182 satus,

121 1209 378 1257 quanquam
398 1193 449 1239 δέ
466 1192 603 1240 Junio
626 1191 796 1240 seritur.
824 1192 1176 1241 Transferuntur
1194 1207 1341 1243 autem
1360 1197 1408 1244 in

117 1263 273 1327 planta
309 1263 376 1310 hae
409 1279 597 1328 quoque
610 1299 630 1322 ,,
664 1265 716 1310 &
745 1263 891 1311 oblini
925 1261 1034 1310 fimo
1067 1266 1240 1313 radices
1277 1266 1406 1325 suas,

118 1338 364 1402 locumque
403 1336 603 1386 similiter
641 1337 867 1383 madidum
904 1349 1069 1384 amant.
1117 1338 1232 1385 Usus
1264 1339 1318 1386 iis
1354 1342 1412 1387 ὅζ·

120 1428 228 1459 cum
260 1410 379 1458 lente
402 1427 454 1459 ac
484 1408 614 1468 saba,
636 1409 844 1473 idemque
871 1410 948 1473 qui
973 1410 1132 1457 oleris:
1167 1413 1216 1459 δ’(
1242 1413 1406 1474 praeci-

116 1501 235 1548 puus
251 1520 266 1544 ‚
285 1497 335 1532 ut
355 1484 507 1534 lenitas
534 1483 756 1532 excitetur
780 1482 1028 1530 acrimonia
1057 1483 1232 1545 finapis.
1260 1485 1408 1531 Medi-2

117 1558 160 1606 ci
177 1558 492 1608 nocentiorem
507 1592 521 1617 ,
540 1573 673 1622 quam
690 1554 808 1613 olus,
824 1555 908 1615 effe
926 1553 1200 1616 judicavere,
1227 1558 1403 1617 Quam-

113 1632 276 1680 obrem
310 1630 533 1695 appofitas
567 1645 665 1677 non
687 1627 897 1677 memini:
929 1628 1157 1692 degustare
1180 1630 1313 1679 etiam
1331 1650 1402 1679 req

116 1706 226 1771 ligio
260 1704 350 1764 est,
381 1716 432 1751 ut
470 1702 631 1751 validis
662 1701 814 1765 potius
848 1701 894 1747 in
931 1702 1036 1749 cibo
1073 1702 1170 1750 sint.
1205 1705 1403 1753 Gemina

116 1779 170 1827 iis
199 1790 355 1826 natura
372 1814 388 1838 ,
419 1770 470 1825 &
495 1776 656 1835 oleris,
678 1776 729 1824 &
759 1774 902 1837 capite
919 1774 1017 1837 ipso
1038 1775 1277 1824 exsilientis
1296 1779 1400 1825 bul-

115 1852 188 1900 bi:
218 1852 383 1915 species
415 1851 580 1898 summa
609 1850 656 1896 in
684 1848 935 1896 latitudine.
968 1850 1031 1894 Ea
1062 1850 1317 1914 contingit,
1351 1865 1404 1900 ut

114 1926 164 1973 in
186 1924 367 1973 lactucis
386 1960 401 1980 ‚
431 1939 533 1971 cum
554 1920 777 1984 coeperint
803 1920 1008 1967 colorem
1029 1923 1230 1981 trahere,
1250 1925 1398 1988 impo-

113 1998 200 2046 sito
236 1997 330 2044 levi
364 1995 580 2060 pondere.
626 1995 787 2058 Neque
824 1993 899 2040 alii
927 1994 1258 2043 hortensiorum
1295 1997 1399 2044 latie-

114 2072 228 2119 tudo
257 2069 415 2132 major⁶
449 2071 498 2114 In
527 2068 660 2114 binos
687 2068 820 2129 pedes
847 2066 1087 2130 aliquando
1107 2066 1149 2114 se
1169 2070 1397 2131 pandunt,

113 2143 305 2191 multum
319 2144 369 2190 &
382 2141 465 2188 soli
480 2153 635 2187 natura
652 2138 926 2187 conferente.
945 2141 1027 2186 Hae
1046 2141 1226 2204 quidem
1242 2143 1290 2188 in
1303 2143 1398 2189 Cir-0

114 2215 277 2278 cejenfi
310 2230 419 2278 agro
445 2211 715 2276 ampliffimae
745 2211 1038 2275 proveniunt.
1076 2213 1191 2260 Sunt
1213 2214 1293 2276 qui
1320 2215 1396 2260 be·-

112 2301 179 2337 tas
212 2287 382 2334 Punica
412 2286 532 2333 malo
563 2286 757 2333 florente
788 2285 958 2348 optime
995 2284 1078 2331 seri
1114 2285 1394 2333 existiment:

111 2361 341 2410 transferri
360 2372 506 2406 autem
521 2395 536 2419 ,
553 2377 654 2407 cum
679 2358 877 2424 quinque
897 2357 1117 2406 foliorum
1138 2359 1220 2405 effe
1244 2377 1395 2423 coepe-

108 2436 218 2498 rint.
238 2435 357 2481 Mira
371 2433 637 2491 differentia,
650 2432 682 2479 fi
696 2449 806 2483 vera
819 2431 900 2490 est,
914 2431 1112 2480 candidis
1127 2430 1244 2483 solvi
1262 2432 1396 2484 alvos

182 2510 234 2561 G.
253 2510 370 2556 Plin.
398 2512 496 2558 Vol.
521 2508 609 2557 III.
850 2504 876 2532 ἰ’
1071 2506 1108 2552 Ζ
