1653 2797
234 110 325 174 396
528 108 1285 159 C.PL1N115ECUND1

235 236 335 266 rum
353 217 677 276 contractioni,
711 219 762 265 &
781 234 837 264 ex
856 217 973 266 vino
996 218 1245 281 porrigini:
1279 235 1381 266 cum
1403 220 1516 279 mel-

235 291 306 349 le,
335 306 498 338 canum
531 289 763 337 morsibus.
803 289 1059 337 Erasistrato
1090 291 1238 353 placet
1268 309 1371 338 cum
1399 292 1516 354 pice.

173 386 174 391 ¹
235 365 507 428 Sanguinem
530 364 647 411 idem
675 381 753 411 eos
772 364 916 412 sistere
936 365 1068 412 tradit
1087 365 1227 414 illitos
1247 383 1350 415 cum
1368 365 1518 417 melle.

234 439 327 485 Alii
356 437 389 484 si
422 455 445 484 e
474 438 652 485 naribus
674 438 809 497 fluat,
831 439 1121 486 coriandrum
1148 442 1199 488 &
1228 440 1416 487 farinam
1436 440 1519 487 ad-

235 509 413 572 jiciunt.
448 510 724 558 Theodorus
751 513 801 559 &
823 511 1022 558 lichenas
1049 528 1105 558 ex
1123 525 1253 560 aceto
1273 513 1419 561 bulbis
1441 531 1521 561 cu-

236 595 336 630 rat:
369 584 418 631 &
448 582 726 645 erumpentia
761 582 808 628 in
845 582 1020 645 capite,
1054 600 1157 631 cum
1187 585 1303 632 vino
1338 585 1520 633 austero

239 667 317 702 aut
348 673 462 704 ovo,
497 658 552 702 Et
581 648 744 704 bulbos
776 654 1006 718 epiphoris
1033 655 1150 704 idem
1185 657 1349 717 illinit,
1381 661 1432 706 &
1458 660 1523 708 fic

239 728 498 792 lippitudini
526 730 741 776 medetur.
781 729 924 791 AEque
952 727 1067 775 vitia
1098 746 1198 794 quae
1226 730 1343 777 sunt
1370 731 1419 776 in
1450 731 1520 779 fa-

240 800 309 847 cie
327 838 341 860 ‚
379 819 537 848 eorum
566 800 776 847 rubentes
807 800 1000 847 maxime
1019 837 1034 859 ,
1068 801 1114 848 in
1147 802 1252 849 Sole
1278 802 1383 850 illiti
1417 820 1521 851 cum

241 875 372 921 melle
406 876 456 922 &
481 874 631 932 nitro,
660 875 921 922 emendant:
954 874 1215 939 lentiginem
1242 894 1346 923 cum
1372 876 1488 924 vino
1505 912 1522 936 ‚

241 961 317 993 aut
336 946 513 994 cucumi
533 947 680 993 costo.
700 946 974 993 Vulneribus
997 964 1180 1011 quoque
1199 947 1310 994 mire
1331 946 1524 1010 prosunt

241 1036 323 1083 per
348 1019 415 1066 se:
450 1032 551 1077 aut,
573 1031 623 1065 ut
656 1019 888 1078 Damion,
918 1036 974 1065 ex
994 1019 1167 1078 mulso,
1196 1020 1228 1066 fi
1248 1019 1410 1084 quinto
1449 1020 1523 1067 die

241 1093 491 1140 solvantur.
525 1092 679 1140 lisdem
710 1094 758 1140 &
775 1091 996 1140 auriculas
1016 1091 1171 1139 fraitas
1197 1104 1351 1151 curat,
1380 1095 1432 1140 &
1450 1104 1522 1139 te-

244 1165 374 1215 stium
408 1161 601 1229 pituitas.
647 1169 696 1212 In
730 1165 1023 1213 articulorum
1063 1166 1298 1212 doloribus
1333 1164 1523 1213 miscent

243 1237 446 1284 farinam.
479 1241 528 1284 In
558 1239 674 1285 vino
703 1239 818 1285 cosli
845 1238 948 1284 illiti
977 1238 1150 1296 ventri,
1171 1238 1379 1285 duritiam
1404 1255 1522 1301 prae-

245 1310 510 1356 cordiorum
527 1310 780 1357 emolliunt.
803 1309 1113 1375 Dysentericis
1133 1309 1180 1355 in
1193 1309 1309 1358 vino
1327 1326 1524 1374 exaqua

244 1383 407 1429 caelesti
427 1395 674 1446 temperato
696 1385 871 1430 dantur.
907 1382 977 1429 Ad
1000 1382 1218 1431 convulsa
1242 1382 1390 1442 intus,
1419 1400 1524 1430 cum

247 1454 410 1516 flphio
438 1453 587 1518 pilulis
616 1456 726 1503 fabae
749 1455 1067 1519 magnitudine.
1098 1456 1167 1502 Ad
1202 1455 1409 1502 sudorem
1438 1455 1525 1503 tufi

247 1528 499 1577 illinuntur.
533 1530 700 1576 Nervis
728 1530 888 1576 utiles:
923 1531 1026 1576 ideo
1047 1531 1097 1576 &
1125 1529 1399 1594 paralyticis
1412 1529 1525 1576 dan-

251 1615 338 1648 tur.
378 1601 582 1648 Luxata
571 1618 618 1646 m
646 1601 855 1664 pedibus,
884 1601 963 1664 qui
989 1601 1089 1647 sunt
1110 1600 1194 1647 rufi
1214 1619 1270 1647 ex
1285 1601 1378 1659 his,
1401 1600 1525 1647 citis·-

248 1673 357 1719 iime
391 1672 544 1719 sanant
573 1690 672 1720 cum
700 1672 829 1719 melle
859 1673 909 1719 &
940 1671 1039 1719 sale.
1074 1676 1296 1720 Venerem
1328 1672 1526 1719 maxime

252 1745 468 1808 Megarici
497 1745 753 1792 stimulant:
785 1744 999 1791 hortensii
1021 1781 1035 1803 ,
1067 1757 1242 1808 partum
1283 1762 1388 1792 cum
1423 1745 1526 1808 sapa

254 1831 329 1864 aut
360 1818 482 1881 passo
520 1817 649 1865 sumti
675 1836 684 1864 :
723 1817 940 1864 filvestres
959 1854 974 1876 ‚
1006 1818 1337 1864 interaneorum
1373 1817 1529 1881 plagas

255 1893 307 1939 δέ
336 1892 445 1938 vitia
464 1928 478 1950 ‚
512 1909 615 1940 cum
641 1891 805 1955 silphio
833 1892 984 1955 pilulis
1013 1891 1240 1939 devoratis
1270 1891 1434 1938 sedant.
1467 1893 1530 1939 Et

256 1966 502 2014 sativorum
530 1967 676 2013 semen
695 1977 853 2013 contra
871 1965 1107 2029 phalangia
1135 1965 1302 2011 bibitur
1322 1964 1371 2011 in
1392 1964 1527 2012 vino.

255 2039 341 2100 Ipfi
377 2055 431 2084 ex
463 2050 592 2085 aceto
630 2036 867 2083 illinuntur
902 2048 1061 2083 contra
1097 2035 1366 2098 serpentium
1397 2035 1529 2083 iiius.

256 2113 417 2158 Semen
434 2105 607 2176 antiqui
624 2111 867 2166 bibendum
884 2110 1203 2157 insanientibus
1225 2109 1401 2156 dabant.
1420 2109 1528 2157 Flos

256 2185 497 2232 bulborum
517 2186 647 2232 tritus
673 2202 855 2231 crurum
871 2184 1064 2231 maculas
1083 2182 1406 2246 varietatesque
1422 2183 1526 2246 igne

258 2257 391 2306 saetas
424 2260 637 2306 emendat.
672 2258 861 2306 Diocles
890 2258 1052 2317 oculos
1071 2256 1266 2303 hebetari
1294 2255 1349 2302 ab
1367 2255 1420 2302 iis
1437 2272 1526 2318 pu-

259 2345 338 2380 tat.
361 2333 516 2379 Elixos
534 2333 629 2379 assis
650 2333 796 2379 minus
817 2332 944 2385 utiles
961 2331 1043 2377 effe
1069 2330 1219 2391 adjicit
1232 2365 1247 2390 ,
1275 2330 1324 2378 &
1344 2326 1525 2382 difficile

263 2407 496 2471 concoqui
512 2423 569 2454 ex
586 2405 637 2456 vi
655 2404 990 2468 uniuscujusque
1015 2416 1199 2452 naturae.
