1653 2797
200 171 261 204 -22
474 155 529 201 c,
577 153 834 199 PLINII
885 153 1260 202 SECUNm

203 261 533 326 Peparethium:
570 253 872 307 sed'minoris
908 259 1036 308 famae
1066 262 1150 309 effe
1189 262 1327 323 dixit,
1363 279 1477 330 quo-

202 336 323 382 niam
351 347 455 381 ante
481 334 555 380 sex
587 351 730 381 annos
759 350 854 381 non
880 334 1088 397 placeret.

272 402 333 448 X.
372 401 594 446 Hactenus
628 399 803 447 bonitas
837 399 938 446 vini
981 400 1240 448 nationibus
1278 400 1477 452 debetur.

202 473 340 537 Apud
375 475 566 520 Graecos
603 471 699 534 jure
748 471 1031 519 clariffimum
1070 490 1238 520 nomen
1273 474 1480 538 accepit,

202 546 330 610 quod
364 546 709 610 appellaverunt
738 545 878 603 bion,
916 545 971 591 ad
1006 544 1228 607 plurimos
1258 545 1482 592 valetudi-

207 636 313 666 nem
339 618 440 667 usus
464 619 794 682 excogitatum,
812 630 862 664 ut
889 617 1152 664 docebimus
1177 617 1224 664 in
1241 630 1364 680 parte
1386 634 1481 665 me-

204 690 383 738 dicinae.
427 690 495 736 Fit
517 702 666 736 autem
697 689 788 736 hoc
813 689 955 735 modo
986 707 997 736 :
1026 691 1144 736 Uvae
1172 690 1355 753 paulum
1380 703 1482 738 ante

204 764 504 811 maturitatem
529 764 773 825 decerptae,
802 762 1021 808 siccantur
1050 763 1141 809 acri
1164 764 1298 822 Sole,
1323 776 1392 810 ter
1411 765 1481 811 die

204 837 392 884 versatae
412 854 490 899 per
514 836 739 882 triduum:
766 845 928 897 quarto
949 836 1293 897 exprimuntur,
1308 837 1410 882 dein
1435 837 1482 883 in

203 911 325 957 cadis
340 909 443 955 Sole
462 908 786 955 inveterantur.
805 906 897 952 Coi
912 907 1127 954 marinam
1144 925 1304 971 aquam
1322 906 1483 974 largio-

203 1001 300 1030 rem
320 982 506 1029 miscent
533 979 581 1045 (a
617 979 733 1026 servi
759 979 883 1026 furto
903 980 1095 1043 origine
1111 992 1210 1027 orta
1229 1017 1244 1039 ,
1273 981 1333 1029 fic
1359 998 1484 1028 men·

202 1055 348 1102 suram
367 1053 587 1116 explentis
600 1052 639 1117 ‚)
669 1053 805 1115 idque
834 1052 1099 1100 translatum
1124 1053 1172 1099 in
1200 1054 1350 1102 album
1379 1073 1483 1102 mu-

202 1127 347 1187 stum,
372 1128 647 1175 leucocoum
667 1127 928 1189 appellatur.
955 1130 1006 1173 In
1034 1127 1131 1175 aliis
1166 1140 1313 1175 autem
1340 1128 1483 1193 genti-

204 1204 288 1250 bus
324 1202 454 1248 fimili
491 1202 633 1247 modo
673 1200 835 1247 facium
861 1200 1265 1248 tethalaffomenon
1296 1214 1483 1250 vocant.

204 1277 477 1325 Thalaffiten
505 1288 651 1323 autem
676 1275 789 1323 vasis
815 1275 946 1322 musti
967 1273 1142 1337 dejeffis
1161 1275 1208 1322 in
1227 1293 1370 1335 mare,
1390 1293 1484 1340 quo

204 1367 368 1414 genere
390 1366 577 1412 praecox
595 1348 646 1395 fit
663 1348 871 1395 vetustas.
893 1349 990 1395 Nec
1010 1365 1105 1393 non
1126 1350 1244 1411 apud
1265 1366 1349 1395 nos
1370 1365 1486 1412 quo-

203 1440 294 1487 que
313 1424 467 1470 Coum
486 1423 647 1469 vinum
667 1439 723 1468 ex
744 1421 901 1468 Italico
920 1419 1114 1468 faciendi
1130 1420 1349 1468 rationem
1365 1423 1484 1468 Cato

202 1495 555 1552 demonstravit,
587 1494 715 1557 super
733 1506 879 1541 cetera
895 1491 941 1537 in
958 1492 1060 1540 Sole
1079 1492 1373 1554 quadriennio
1387 1509 1483 1538 ma-

203 1568 443 1614 turandum
457 1567 731 1630 praecipiens.
747 1560 976 1612 Rhodium
994 1566 1098 1611 Coo
1117 1564 1254 1611 {imile
1274 1564 1348 1612 est.
1362 1565 1485 1612 Pho„

204 1641 380 1687 rineum
403 1639 548 1687 salfius
567 1643 685 1687 Coo.
713 1638 882 1685 Omnia
911 1636 1199 1684 transmarina
1221 1636 1388 1700 septem
1406 1638 1481 1683 vel

200 1713 250 1760 in
274 1713 350 1759 sex
371 1712 503 1781 annia
529 1712 584 1760 ad
613 1710 877 1763 vetustatem
912 1709 1102 1759 mediam
1130 1710 1366 1773 pervenire
1390 1710 1483 1757 exi-

202 1785 449 1833 stimantur.

267 1860 348 1906 XI.
381 1859 549 1905 Vinum
587 1874 723 1905 omne
751 1856 880 1904 dulce
911 1857 1056 1904 minus
1086 1855 1324 1903 odoratum
1348 1874 1360 1903 ε
1388 1875 1483 1922 quo

203 1932 383 1981 tenuius
402 1969 417 1990 ,
439 1949 494 1978 eo
516 1931 759 1978 odoratius.
800 1930 993 1978 Colores
1023 1929 1142 1978 vinis
1167 1940 1388 1994 quatuor:
1415 1929 1484 1976 al-

202 2006 285 2053 bus
304 2042 318 2064 ,
352 2005 504 2052 fulvus
523 2042 536 2064 ,
561 2005 823 2069 sanguineus
840 2041 854 2065 ,
882 2004 1017 2068 niger.
1053 2003 1285 2068 Psythium
1312 2006 1362 2052 &
1385 2020 1483 2050 me-

203 2078 523 2143 lampsythium
544 2077 647 2141 paffi
666 2094 826 2141 genera
844 2076 965 2135 sunt,
991 2076 1116 2123 suum
1139 2076 1365 2140 saporem,
1387 2093 1484 2123 non

203 2152 302 2201 vini
336 2150 601 2198 referentia:
627 2151 867 2215 Scybilites·
894 2167 1009 2197 vero
1040 2149 1198 2207 musti,
1229 2150 1275 2196 in
1309 2150 1484 2197 Galatia

203 2225 385 2273 nascens
401 2263 415 2282 ‚
435 2228 485 2274 &
501 2225 736 2271 Aluntium
754 2225 800 2271 in
819 2224 979 2272 Sicilia.
1012 2226 1129 2270 Nam
1148 2224 1343 2282 firaeum,
1361 2222 1484 2288 quod

202 2299 277 2345 alii
299 2298 505 2362 hepsema
522 2334 534 2357 ‚
563 2297 700 2344 nostri
725 2297 871 2361 sapam
897 2296 1140 2360 appellant,
1161 2296 1360 2361 ingenii,
1387 2311 1483 2341 non

136 2432 138 2434 .
203 2384 371 2421 naturae
407 2390 521 2435 opus
553 2371 637 2430 est,
669 2371 815 2421 musto
851 2371 989 2435 usque
1019 2371 1073 2417 ad
1104 2371 1278 2417 tertiam
1312 2379 1481 2433 partem

202 2445 419 2495 mensurae
444 2447 665 2495 decocto:
705 2447 829 2511 quod
862 2446 937 2493 ubi
974 2445 1136 2492 facium
1168 2446 1223 2492 ad
1257 2443 1481 2493 dimidiam
