1653 2797
220 155 308 198 266
486 155 542 200 C.
586 154 833 201 PLINII
882 155 1251 205 SECUNDI

222 259 372 322 Vulgo
405 261 694 318 credebatur,
721 260 775 307 ab
801 258 894 321 ejus
924 260 1100 307 deceffu
1129 260 1268 307 serere
1297 261 1488 320 solitos,

217 348 328 376 mox
366 333 459 378 sues
496 333 723 396 impellere
761 333 957 397 vestigiis
992 333 1157 380 semina
1194 334 1489 396 deprimentes

216 408 262 452 in
297 403 476 450 madido
517 406 642 452 solo:
677 408 727 454 &
763 407 900 452 credo
946 406 1190 469 antiquitus
1232 405 1490 453 faffitatum.

218 477 262 520 N
268 494 356 522 unc
384 494 565 542 quoque
596 498 692 527 non
723 481 870 526 multo
897 481 1105 543 graviora
1137 487 1304 542 opera:
1328 480 1400 526 sed
1420 494 1490 527 ta-

217 564 321 593 men
348 549 510 597 inarari
544 565 713 599 certum
740 552 802 598 est
833 551 999 612 abjeEta
1023 553 1146 615 prius
1172 552 1334 599 semina
1363 553 1410 599 in
1434 552 1491 598 li—

218 638 297 666 mo
329 622 498 686 digreffi
532 626 700 683 amnis,
726 626 817 672 hoc
848 625 936 682 est,
956 625 1210 672 Novembri
1241 624 1386 671 mense
1419 625 1492 672 in-

217 695 438 758 cipiente:
469 700 620 760 postea
654 700 784 762 pauci
814 702 1028 757 runcant,
1055 702 1179 762 quod
1205 700 1491 748 botanismon

218 783 401 814 vocant.
433 771 621 834 Reliqua
650 789 751 833 pars
780 788 874 817 non
906 771 986 817 nifi
1013 788 1115 818 cum
1146 771 1258 818 falce
1286 789 1396 818 arva
1419 772 1492 819 vi-

217 838 269 886 fit
303 841 437 901 paulo
473 858 573 888 ante
609 843 834 890 Kalendas
859 843 1041 906 Aprilis.
1090 842 1318 906 Peragitur
1346 855 1493 901 autem

216 914 363 960 meffis
404 914 529 975 Majo
552 952 564 973 ,
594 916 751 979 stipula
795 933 1023 980 nunquam
1065 915 1247 962 cubitali
1277 934 1288 961 :
1328 916 1494 979 quippe

220 985 419 1032 i‘abulum
452 987 622 1035 subest:
650 1007 921 1053 granumque
950 990 1062 1036 limo
1091 1000 1266 1036 tantum
1292 989 1497 1036 contine-

219 1068 304 1102 tur.
361 1060 661 1108 Excellentius
702 1062 941 1108 Thebaidis
978 1060 1153 1124 regioni
1193 1060 1493 1120 frumentum,

220 1130 437 1190 quoniam
461 1133 660 1195 palustris
690 1136 924 1199 AEgyptuS.
964 1133 1130 1180 Similis.
1153 1133 1268 1180 ratio
1286 1170 1300 1192 ,
1327 1133 1400 1180 sed
1427 1133 1495 1180 fe-

217 1201 357 1250 licitas
398 1206 543 1267 major
582 1209 848 1273 Babyloniae
886 1207 1127 1265 Seleuciae,
1163 1207 1388 1269 Euphrate
1426 1219 1494 1254 at·

219 1293 308 1338 que
343 1279 469 1343 Tigri
506 1282 889 1346 restagnantibus,
927 1281 1142 1346 quoniam
1178 1281 1353 1344 rigandi
1390 1298 1493 1327 mo—

218 1348 297 1394 dus
322 1349 384 1396 ibi
411 1370 546 1399 manu
569 1366 851 1417 temperatur.
891 1355 1022 1419 Syria
1051 1369 1235 1416 quoque
1259 1352 1384 1398 tenui
1410 1351 1497 1398 sul-

222 1437 278 1465 co
314 1435 433 1481 arat,
469 1444 571 1472 cum
608 1427 898 1474 multifariam
932 1429 979 1473 in
1011 1425 1133 1472 Italia
1168 1424 1324 1471 ostoni
1352 1424 1497 1472 boves

223 1492 277 1536 ad
312 1492 505 1556 singulos
548 1516 759 1544 vomeres
798 1498 1018 1544 anhelent.
1072 1499 1122 1543 In
1160 1495 1287 1543 omni
1319 1495 1497 1559 quidem

221 1576 345 1624 parte
378 1568 590 1627 culturae,
621 1570 694 1616 sed
726 1571 772 1615 in
806 1571 888 1616 hac
918 1569 1097 1632 quidem
1127 1568 1318 1613 maxime
1337 1603 1351 1624 ,
1376 1567 1498 1614 valet

222 1638 453 1687 oraculum
489 1642 626 1700 illud,
657 1643 781 1703 Quid
813 1658 1001 1706 quaeque
1035 1641 1158 1704 regio
1194 1640 1400 1702 patiatur.

288 1711 486 1761 XLVIII.
517 1719 764 1762 Vomerum
797 1716 924 1777 plura
955 1730 1142 1776 genera:
1172 1713 1329 1759 Culter
1352 1728 1498 1759 voca-

224 1795 321 1840 tur,
353 1787 652 1847 praedensam,
684 1787 938 1851 priusquam
967 1786 1306 1850 proscindatur,
1335 1798 1498 1832 terram

223 1853 398 1914 secans,
426 1857 669 1923 futurisque
699 1860 830 1908 sulcis
857 1859 1040 1922 vestigia
1069 1858 1358 1921 praescribens
1384 1856 1499 1903 inci-

225 1925 365 1987 suris,
397 1947 502 1993 quas
537 1932 768 1996 resupinus
807 1933 853 1979 in
889 1932 1056 1978 arando
1094 1931 1301 1978 mordeat
1325 1947 1498 1978 vomer.

225 2000 425 2049 Alterum
463 2021 605 2067 genus
636 2006 696 2052 est
730 2006 945 2069 vulgare7
974 2004 1151 2051 rostrati
1184 2005 1337 2051 veffls.
1383 2004 1499 2050 Ter-

225 2070 335 2116 tium
374 2073 421 2118 in
456 2074 553 2121 solo
585 2075 706 2123 facili
725 2113 740 2135 ,
771 2094 852 2124 nec
883 2089 985 2123 toto
1015 2076 1270 2140 porreEIum
1305 2075 1498 2135 dentali‚

226 2141 299 2190 sed
340 2147 496 2210 exigua
528 2149 704 2211 cuspide
737 2151 783 2196 in
817 2150 977 2197 rostro.
1027 2151 1177 2196 Latior
1210 2150 1306 2196 haec
1338 2160 1497 2211 quarto

228 2221 416 2281 generi,
451 2223 500 2269 &
545 2223 718 2270 acutior
765 2225 810 2270 in
852 2239 1115 2271 mucronem
1153 2222 1382 2286 fastigata,
1417 2238 1498 2268 eo-

230 2290 419 2354 demque
447 2294 596 2357 gladio
619 2296 820 2343 scindens
842 2297 1008 2354 solum,
1031 2298 1078 2343 ὅ(
1100 2296 1193 2342 acie
1220 2295 1403 2342 laterum
1425 2311 1497 2340 ra-

228 2362 345 2409 dices
378 2366 614 2415 herbarum
648 2369 809 2417 secans.
849 2371 956 2415 Non
986 2370 1157 2432 pridem
1185 2371 1419 2416 inventum
1449 2366 1496 2412 in

227 2439 403 2485 Rhaetia
423 2440 580 2486 Galliae
595 2477 608 2499 ,
628 2454 676 2487 ut
701 2442 807 2488 duas
827 2441 1037 2487 adderent
1062 2441 1135 2487 alii
1159 2439 1354 2494 rotulas,
1373 2437 1495 2498 quod
