1653 2797
223 207 308 238 122
474 191 529 238 C.
575 191 827 240 PLINII
877 190 1254 242 SECUNDI

219 299 280 346 do
299 337 314 357 ,
344 316 440 346 non
476 300 619 348 ederae
637 337 651 358 ‚
688 299 846 350 colore
875 301 1015 348 rubro
1036 338 1049 361 ‚
1079 303 1320 365 complexa
1353 304 1496 354 acinis

216 372 465 434 majoribus
483 374 669 421 nucleos
701 386 855 422 ternos
868 411 882 434 ‚
902 375 1154 423 minoribus
1180 376 1404 442 singulos,
1423 381 1494 427 ni·-

215 462 322 508 gros
360 446 611 512 durosque:
650 447 838 495 infausta
875 448 1086 495 omnibus
1114 448 1246 496 sacris
1278 452 1330 499 ὅ(
1351 468 1494 499 coro—

217 519 312 566 nis:
344 520 561 583 quoniam
590 521 643 568 fit
673 521 870 585 lugubris
891 557 904 580 ‚
935 522 1112 585 virgine
1144 522 1237 585 ejus
1269 523 1494 583 nominis,

213 604 401 654 propter
438 610 637 640 amorem
677 592 856 655 juvenis
889 594 1063 652 Croci,
1095 607 1260 642 mutata
1292 595 1339 641 in
1373 595 1494 648 hunc

213 663 435 713 fruticem.
462 667 511 713 ld
539 669 701 732 vulgus
730 667 970 731 ignorans,
991 667 1255 730 plerumque
1284 667 1390 716 festa
1418 668 1495 715 sua

212 738 381 799 polluit
397 775 410 797 ‚
445 741 621 787 ederam
655 741 951 788 existimando
973 758 984 786 :
1009 740 1121 786 ficut
1150 739 1197 785 in
1216 741 1391 802 poetis,
1417 753 1503 788 aut·

209 811 378 857 Libero
399 825 550 875 patre,
574 825 649 859 aut
665 814 845 871 Sileno,
871 813 970 877 quis
1001 811 1195 858 omnino
1221 812 1377 879 nescit,
1388 815 1493 877 qui—

210 883 292 932 bus
308 887 614 934 coronentur?
632 890 666 933 E
681 886 858 934 smilace
874 885 987 932 fiunt
1005 883 1224 932 codicilli:
1243 886 1494 948 proprium-

209 973 296 1018 que
319 958 516 1004 materiae
535 959 626 1017 est,
651 972 702 1006 ut
732 960 914 1006 admota
941 957 1125 1005 auribus
1157 956 1302 1003 lenem
1334 956 1497 1004 sonum

208 1030 375 1077 reddat.
412 1031 568 1077 Ederae
597 1032 711 1079 mira
741 1033 952 1096 proditur
980 1043 1141 1079 natura
1169 1032 1226 1079 ad
1253 1031 1494 1095 experien-

209 1102 264 1148 da
299 1103 409 1150 vina
432 1122 442 1150 ε
470 1106 501 1151 fi
523 1123 602 1153 vas
625 1105 702 1153 fiat
729 1123 752 1153 e
780 1106 908 1170 ligno
951 1104 1071 1167 ejus,
1113 1105 1224 1152 vina
1251 1105 1492 1152 transflue-

208 1192 285 1231 re,
315 1193 366 1223 ac
398 1195 628 1226 remanere
661 1197 823 1244 aquam
842 1216 855 1238 ,
886 1179 919 1225 fi
953 1197 1043 1243 qua
1070 1179 1208 1226 fuerit
1233 1179 1389 1226 mixta.

204 1250 235 1306 ζῖ
271 1251 433 1300 LXIV.
454 1255 573 1301 Inter
597 1272 647 1302 ea
663 1292 676 1313 ‚
696 1273 799 1319 quae
827 1253 1000 1318 frigidis
1030 1253 1220 1317 gaudent
1236 1288 1249 1310 ‚
1273 1255 1324 1300 δε
1349 1269 1496 1317 aqua-

208 1323 325 1370 ticos
368 1324 554 1373 frutices
592 1328 748 1375 dixiffe
789 1328 1051 1376 conveniat.
1100 1326 1403 1390 Principatum
1445 1327 1496 1375 in

205 1396 275 1442 his
298 1399 518 1447 tenebunt
537 1402 778 1448 arundines
795 1439 809 1460 ,
836 1402 943 1448 belli
967 1399 1174 1465 pacisque
1204 1399 1492 1463 experimen-

206 1470 262 1515 tis
292 1471 570 1530 necessariae,
592 1485 722 1537 atque
749 1476 882 1521 etiam
915 1474 1085 1522 deliciis
1118 1485 1267 1538 gratae.
1312 1473 1494 1536 Tegulo

204 1562 357 1592 earum
395 1546 557 1594 domus
601 1547 698 1595 suas
739 1549 1134 1612 Septemtrionales
1173 1547 1335 1611 populi
1377 1564 1494 1610 ope-—⁴

205 1620 363 1679 riunt,
393 1621 645 1687 durantque
682 1623 792 1671 aevis
830 1624 943 1670 tecla
981 1623 1083 1670 alta.
1135 1625 1191 1669 Et
1229 1623 1276 1668 in
1312 1622 1492 1686 reliquo

205 1711 322 1740 vero
342 1695 453 1741 orbe
475 1714 670 1743 cameras
695 1696 908 1744 leviffime
927 1696 1210 1760 suspendunt.
1228 1694 1491 1759 Chartisque

204 1766 407 1814 serviunt
431 1769 617 1828 calami,
636 1769 839 1835 AEgyptii
858 1770 1074 1828 maxime,
1093 1768 1365 1832 cognatione
1385 1784 1491 1831 qua-

205 1842 307 1888 dam
341 1843 519 1907 papyri.
576 1844 863 1891 probatiores
904 1856 1054 1891 tamen
1089 1842 1249 1890 Gnidii
1270 1878 1284 1901 ,
1320 1843 1371 1889 &
1407 1840 1488 1905 qui
1554 1857 1560 1863 ·

205 1914 252 1960 in
282 1915 381 1961 Afia
410 1916 528 1964 circa
557 1918 811 1966 Anaiticum
834 1918 979 1966 lacum
1006 1917 1261 1966 nascuntur.
1296 1916 1494 1963 Nostra--

204 1989 323 2035 tibus
354 1989 587 2055 fungosior
614 1992 756 2040 subest
793 2005 976 2052 natura,
1005 1992 1265 2056 cartilagine
1300 1990 1452 2038 bibula
1472 2025 1488 2048 ‚

204 2077 305 2120 (guae
344 2078 462 2108 cavo
505 2080 700 2125 corpore
747 2064 901 2122 intus,
945 2064 1132 2128 superne
1170 2063 1298 2110 tenui
1338 2063 1495 2109 inare-

206 2132 288 2179 scit
318 2133 476 2196 ligno:
513 2134 649 2183 fiffilis
685 2150 907 2198 praeacuta
941 2138 1113 2200 semper
1146 2136 1272 2184 acie:
1301 2136 1489 2200 genicu-

208 2207 308 2252 lata.
360 2208 527 2254 Cetero
562 2211 783 2272 gracilitas
816 2211 948 2258 nodis
979 2210 1210 2269 diffinita,
1238 2210 1329 2257 leni
1366 2210 1489 2257 fasti-

206 2281 284 2343 gio
313 2292 522 2328 tenuatur
555 2283 893 2343 in'cacumina‚
924 2285 1130 2333 craffiore
1161 2285 1381 2348 paniculae
1405 2300 1488 2331 co-

207 2371 279 2400 ma
299 2391 312 2412 ‚
346 2372 490 2418 neque
521 2356 602 2403 hac
633 2357 923 2420 supervacua.
959 2361 1053 2405 Aut
1081 2359 1200 2406 enirn
1229 2374 1315 2421 pro
1338 2357 1489 2420 pluma

207 2425 337 2474 strata
360 2445 667 2489 cauponarum
693 2430 866 2492 replet:
895 2443 970 2477 aut
995 2431 1075 2478 ubi
1107 2431 1350 2495 lignofiore
1369 2430 1488 2477 callo

209 2497 434 2561 induruit,
452 2502 560 2552 ficut
581 2502 626 2549 in
645 2503 786 2569 Belgis
802 2540 818 2563 ,
845 2504 1030 2553 contusa
1045 2541 1059 2565 ,
1081 2506 1131 2554 &
1156 2501 1383 2566 interjecta
1403 2519 1486 2549 na-
