1653 2797
213 132 305 194 346
487 129 1228 178 C.PLINIISECUND1

210 259 234 288 a
254 237 478 288 Favonio.
512 239 690 285 Genera
715 235 807 299 ejus
828 237 1090 285 austeritatis
1109 239 1271 286 ordine
1284 275 1298 298 ‚
1317 239 1494 290 Africa-

210 333 266 362 na
277 351 289 374 ‚
305 313 500 371 Gallica,
511 312 782 371 Tusculana,
797 311 1034 359 Ascalonia
1047 350 1062 370 ,
1076 312 1373 361 Amiternina.
1395 317 1491 379 Op-

207 387 313 433 tima
343 398 520 443 autem,
555 402 654 449 quae
682 384 1008 432 rotundiffima.
1048 388 1159 432 Item
1188 384 1287 431 rufa
1315 386 1494 446 acrior,

207 477 343 523 quam
363 458 574 514 candida3
594 458 705 505 ficca
718 494 732 517 ‚
750 475 884 521 quam
902 456 1061 504 viridis
1077 474 1090 513 ;
1110 458 1160 504 ὃ(
1180 457 1340 516 cruda,
1359 474 1496 522 quam

207 533 361 587 co&a;
382 531 514 589 sicca,
539 548 674 594 quam
700 530 896 578 condita.
928 529 1098 576 Seritur
1116 530 1397 578 Amiternina
1416 531 1494 579 fri-

206 604 318 668 gidis
346 605 397 651 &
430 602 622 649 humidis
657 601 797 658 locis,
816 603 865 648 ὅ(
895 599 987 646 sola
1015 601 1106 648 allii
1137 604 1279 650 modo
1311 604 1457 667 capite
1474 640 1494 663 ‚

205 675 391 739 reliquae
409 673 587 720 semine.
613 672 827 719 Proxima
847 689 947 735 quae
976 671 1123 718 aestate
1143 673 1317 721 nullum
1343 674 1494 722 semen

205 747 433 804 emittunt,
449 744 521 791 sed
539 755 670 805 caput
689 754 881 800 tantum,
893 743 1019 805 quod
1037 743 1254 790 inarescit.
1277 745 1495 808 Sequenti

212 832 360 866 autem
377 834 498 865 anno
514 827 761 879 permutata
779 814 953 861 ratione
965 814 1111 862 semen
1125 816 1343 880 gignitur,
1359 830 1495 881 caput

205 892 348 956 ipsum
371 887 690 951 corrumpitur.
723 890 845 953 Ergo
868 888 1085 936 omnibus
1105 889 1234 935 annis
1259 888 1495 953 separatim

206 965 354 1013 semen
383 980 515 1026 caepae
551 963 679 1010 causa
713 961 898 1021 seritur,
930 961 1164 1026 separatim
1195 980 1330 1026 caepae
1361 963 1496 1011 serni-

207 1040 292 1086 nis.
317 1040 566 1084 Servantur
598 1048 747 1083 autem
777 1036 949 1099 optime
981 1035 1029 1082 in
1066 1035 1219 1100 paleis.
1254 1037 1494 1102 Gethyum

205 1129 336 1176 paene
369 1112 459 1159 fine
495 1111 640 1175 capite
672 1111 759 1170 est,
798 1111 988 1158 cervicis
1017 1123 1194 1158 tantum
1230 1111 1409 1177 longae,
1441 1114 1495 1161 &

207 1188 310 1234 ideo
330 1200 480 1234 totum
505 1187 551 1233 in
576 1187 739 1233 fronde
757 1205 766 1233 :
788 1185 1032 1249 saepiusque
1049 1185 1270 1232 resecatur
1283 1222 1298 1244 ‚
1315 1197 1366 1232 ut
1385 1203 1495 1249 por-

207 1280 320 1309 rum.
350 1261 458 1308 Ideo
488 1263 537 1308 &
565 1260 676 1307 illud
709 1260 883 1317 serunt,
920 1275 1015 1305 non
1036 1259 1286 1322 deponunt.
1323 1259 1496 1305 Cetero

208 1351 352 1397 caepas
386 1346 453 1380 ter
497 1333 612 1380 foffo
635 1332 734 1381 solo
759 1332 842 1379 seri
871 1331 1059 1394 jubent,
1088 1331 1339 1395 exstirpatis
1373 1331 1496 1378 radi-

207 1408 334 1455 cibus
352 1408 611 1466 herbariun‚
636 1407 683 1452 in
703 1406 855 1470 jugera
873 1406 1006 1453 denas
1029 1406 1178 1452 libras.
1199 1404 1495 1452 Intermisceri

208 1480 460 1541 satureiam,
479 1482 691 1544 quoniam
709 1480 866 1527 melius
885 1479 1141 1544 proveniat.
1166 1480 1363 1526 Runcari
1381 1496 1495 1543 prae-

207 1566 351 1610 terea,
368 1555 418 1600 &
440 1553 582 1599 sarriri
602 1590 615 1611 ,
635 1554 666 1598 fi
685 1570 782 1599 non
798 1554 954 1615 saepius
970 1589 982 1606 ‚
1003 1566 1176 1617 quater.
1209 1553 1496 1600 Ascaloniam

209 1625 357 1673 mense
375 1625 618 1672 Februario
639 1625 789 1672 serunt
811 1625 967 1672 nostri.
1000 1627 1158 1671 Semen
1178 1643 1403 1688 caeparum
1422 1627 1498 1672 ni-

208 1699 406 1764 grescere
431 1698 652 1761 incipiens
670 1734 684 1756 ‚
705 1709 946 1761 antequam
972 1697 1240 1754 marcescat,
1269 1710 1456 1744 metunt.

292 1773 506 1819 XXXIII.
542 1774 600 1818 Et
631 1772 684 1818 de
723 1787 864 1834 porro
901 1771 949 1816 in
982 1771 1065 1818 hac
1095 1770 1370 1835 cognatione
1402 1770 1494 1818 dici

210 1845 488 1903 conveniat,
524 1844 764 1908 praesertim
795 1861 896 1891 cum
933 1843 1103 1891 sectivo
1128 1860 1272 1906 nuper
1302 1843 1494 1890 austori-

209 1930 346 1964 tatem
372 1917 542 1964 dederit
558 1917 765 1980 princeps
792 1918 917 1963 Nero
931 1952 945 1973 ,
965 1917 1097 1963 vocis
1121 1915 1288 1980 gratia,
1309 1933 1364 1963 ex
1385 1916 1494 1963 oleo

212 1990 329 2036 statis
349 1989 564 2037 mensium
596 1989 802 2036 omnium
831 1989 1008 2047 diebus,
1035 1989 1238 2051 nihilque
1267 1988 1416 2047 aliud,
1441 2005 1495 2036 ac

214 2079 272 2109 ne
290 2079 404 2125 pane
423 2062 606 2126 quidem
636 2060 879 2108 vescendO.
904 2062 1072 2108 Seritur
1095 2061 1259 2108 semine
1279 2061 1335 2108 ab
1355 2061 1498 2125 aequi-

213 2137 370 2183 noetio
411 2149 659 2184 autumno:
694 2136 725 2182 fi
761 2135 975 2183 seffivum
1007 2136 1152 2182 facere
1186 2135 1350 2194 libuit,
1382 2135 1498 2182 den·-

213 2209 314 2256 fius.
340 2211 390 2255 In
421 2209 576 2255 eadem
604 2225 705 2255 area
734 2208 904 2256 secatur
924 2245 938 2268 ‚
970 2209 1117 2255 donec
1147 2206 1354 2266 deficiat,
1383 2207 1494 2254 ster·-

217 2297 491 2346 coraturque
510 2281 692 2344 semper.
725 2282 770 2329 Si
788 2283 981 2329 nutritur
998 2283 1046 2328 in
1069 2282 1236 2345 capita,
1256 2295 1494 2345 antequam

217 2355 416 2414 secetur,
455 2372 556 2402 cum
590 2355 813 2414 increvit,
852 2354 899 2400 in
933 2355 1064 2401 aliam
1092 2372 1239 2402 aream
1278 2353 1494 2402 transfer·-

218 2442 290 2475 tur
303 2466 320 2487 ,
341 2428 518 2477 summis
540 2427 662 2476 foliis
683 2429 846 2478 leviter
862 2429 1017 2477 recisis·
1034 2441 1136 2477 ante
1154 2429 1395 2477 medullam
1409 2445 1423 2474 :
1445 2429 1498 2476 &
