1653 2797
242 144 856 201 NATUR.'H13TOR.
890 149 1011 200 ΗΒ.
1048 148 1256 201 Xv111.
1327 160 1423 215 245

135 273 252 324 aqua
278 261 452 325 subigi,
489 261 613 325 quod
643 259 846 323 plerique
873 256 1107 308 maritimis
1137 262 1182 308 in
1213 257 1327 310 locis
1348 263 1416 310 fa-

137 334 265 380 ciunt
279 371 292 392 ‚
322 334 564 384 occasione
579 331 785 378 lucrandi
809 331 929 390 salis,
950 332 1286 381 inutiliffim'u‘r'n.
1307 337 1419 381 Non

137 407 219 456 alia
253 406 306 455 de
336 404 468 454 causa
501 403 835 467 opportuniora
875 404 1046 451 morbis
1077 418 1273 470 corpora
1298 408 1419 454 exfi-

136 481 267 528 stunt.
295 479 454 536 Galliae
483 478 533 524 &
552 476 775 540 Hispaniae
805 476 1034 524 frumento
1072 474 1118 524 in
1146 492 1307 541 potum
1343 497 1415 527 red

135 552 285 599 soluto
302 589 316 610 ,
349 550 510 614 quibus
543 547 735 595 diximus
767 546 1002 612 generibus
1016 585 1028 607 ,
1050 548 1201 612 spuma
1223 551 1281 597 ita
1301 548 1418 600 con-

133 637 255 672 creta
284 637 369 687 pro
402 621 623 668 fermento
655 630 857 668 utuntur.
896 622 1001 681 Qua
1030 621 1084 668 de
1105 621 1232 669 causa
1261 624 1413 672 levior

132 698 243 755 illis,
279 713 412 760 quam
443 695 626 752 ceteris,
647 694 772 757 panis
798 693 873 740 est.

202 785 242 831 3.
270 768 539 817 Differentia
562 767 623 813 est
643 767 693 813 &
713 765 883 813 calami.
916 762 1115 815 Craffior
1142 762 1307 832 qqupe
1325 782 1420 815 mei

133 841 262 888 lioris
295 840 356 887 est
397 839 583 904 generis.
617 838 822 885 Plurimis
857 837 1021 885 tunicis
1049 840 1297 886 Thracium
1334 841 1419 885 tri-

132 915 274 962 ticum
306 913 522 971 vestitur,
554 912 616 958 ob
635 911 772 958 nimia
800 910 968 974 frigora
994 907 1060 957 illi
1089 911 1230 976 plagae
1255 901 1419 977 exemi*

133 990 275 1037 fitum.
311 988 476 1034 Eadem
502 985 632 1033 causa
658 987 707 1033 ὅ(
734 983 952 1031 trimestre
975 983 1179 1044 invenit,
1208 986 1415 1032 detinen-

132 1065 251 1111 tibus
280 1075 418 1108 terras
448 1059 633 1107 nivibus
651 1093 667 1116 ,
696 1058 824 1121 quod
847 1057 984 1104 tertio
1005 1057 1096 1104 fere
1125 1075 1150 1104 a
1174 1057 1269 1105 satu
1290 1077 1419 1106 men—

132 1138 173 1184 se
192 1138 242 1185 &
261 1136 306 1182 in
325 1134 502 1196 reliquo
521 1132 631 1177 orbe
651 1130 847 1177 metitur.
868 1129 999 1176 Totis
1018 1131 1106 1177 hoc
1122 1129 1309 1193 Alpibus
1327 1150 1416 1179 no-

131 1224 252 1269 tum,
287 1209 336 1257 &
369 1204 635 1252 hiemalibus
675 1201 930 1265 provinciiS
968 1200 1143 1248 nullum
1179 1201 1271 1250 hoc
1318 1203 1415 1250 fru-

129 1299 286 1331 mento
309 1280 464 1327 laetius.
500 1275 813 1324 Uniealamum
847 1285 1089 1338 praeterea,
1111 1292 1194 1323 nec
1228 1276 1416 1341 usquam

132 1371 304 1417 capax:
342 1350 588 1412 seriturque
620 1363 715 1393 non
751 1345 832 1391 nifi
862 1345 986 1392 tenui
1014 1357 1144 1462 ἵζ’-ΠΗ.
1172 1346 1246 1393 Est
1279 1350 1328 1395 δέ
1348 1347 1416 1394 bi:-

130 1426 290 1473 mestre
319 1424 438 1471 circa
469 1419 675 1467 Thraciae
704 1419 897 1475 AEnum,
927 1434 1021 1480 quo
1081 1418 1415 1482 quadragesimo

133 1500 225 1557 die,
251 1514 386 1561 quam
411 1494 552 1541 satum
584 1491 667 1550 est,
687 1483 963 1536 maturescit:
991 1490 1268 1553 mirumque,
1298 1491 1415 1539 nulli

129 1572 360 1618 frumento
390 1568 489 1630 plus
521 1565 605 1611 effe
633 1563 870 1627 ponderis,
892 1565 942 1610 &
971 1560 1218 1610 furfuribus
1247 1581 1414 1614 carere.

130 1643 287 1691 Utitur
318 1657 374 1688 eo
403 1642 454 1686 &
472 1637 622 1684 Sicilia
642 1672 655 1695 ‚
687 1637 738 1683 &
773 1634 974 1696 Achaja‚
1002 1636 1253 1683 montuosis
1287 1651 1411 1687 utra-

129 1734 218 1783 que
243 1715 456 1780 partibus.
500 1711 674 1758 Euboea
711 1725 894 1773 quoque
927 1709 1046 1755 circa
1069 1709 1324 1773 Carystum.
1360 1714 1411 1758 In

129 1804 305 1839 tantum
339 1787 508 1834 fallitur
527 1782 782 1831 Columella
802 1818 816 1840 ,
847 1781 927 1845 qui
953 1798 1009 1828 ne
1044 1782 1274 1829 trimestris
1306 1785 1410 1848 qui*

129 1865 232 1911 dem
267 1859 505 1924 proprium
542 1872 679 1920 genus
715 1854 1041 1901 existimaverit
1067 1854 1181 1912 effe,
1220 1871 1323 1903 cum
1356 1859 1409 1905 fit

128 1933 489 1999 antiquiffimum.
517 1930 667 1976 Graeci
701 1928 906 1975 setanion
926 1939 1113 1974 vocant.
1137 1929 1340 1976 Tradunt
1360 1931 1407 1976 in

129 2008 292 2058 Baaris
316 2022 450 2070 grana
480 2014 615 2049 tantae
647 2001 965 2066 magnitudinis
1001 1999 1127 2061 fieri,
1152 2013 1203 2048 ut
1239 2003 1408 2067 singula

126 2082 263 2146 spicas
290 2077 462 2126 nostras
490 2086 681 2138 aequent.

191 2155 307 2201 XIII.
339 2149 539 2197 Primum
561 2164 618 2193 ex
635 2142 844 2193 omnibus
860 2142 1093 2193 frumentis
1112 2145 1270 2194 seritur
1294 2147 1406 2195 hor-

130 2229 276 2275 deum.
306 2222 528 2271 Dabimus
547 2221 597 2267 &
615 2220 706 2266 dies
728 2220 914 2267 serendo
935 2220 1096 2284 cuique
1123 2221 1299 2284 generi,
1321 2240 1402 2269 na-

128 2314 227 2348 tura
251 2295 526 2359 fingulorum
552 2292 765 2356 exposita.
801 2293 1036 2339 Hordeum
1067 2292 1184 2339 Indis
1208 2292 1402 2342 sativum

129 2374 179 2420 &
204 2368 426 2425 silvestre,
452 2383 508 2412 ex
534 2382 626 2430 quo
647 2366 774 2428 panis
801 2365 919 2428 apud
945 2382 1023 2412 eos
1053 2365 1328 2428 praecipuus,
1351 2370 1403 2416 ὃς

129 2445 252 2491 alica.
287 2439 486 2488 Maxime
509 2439 692 2502 quidam
723 2455 865 2504 oryza
888 2437 1076 2503 gaudent
1091 2474 1105 2497 ‚
1132 2455 1188 2485 ex
1209 2456 1295 2502 qua
1313 2440 1400 2504 pti·
1425 2458 1427 2460 ·

191 2522 234 2565 C.
258 2520 368 2563 Plin.
401 2516 497 2560 Vol.
527 2515 610 2560 III.
838 2513 863 2538 ⁴*
1114 2513 1159 2571 Q
