1653 2797
234 222 1213 301 NA,T‘UR.HISTOR.L1B.XV11.
1288 251 1380 296 217

105 350 138 399 fi
165 351 319 415 primae
352 349 481 415 groffi
499 384 513 406 ,
542 363 644 394 cum
674 344 789 392 fabae
815 343 1162 407 magnitudinem
1189 344 1382 392 excefl'e-

107 443 184 483 re,
217 425 534 471 detrahantur:
571 418 894 465 subnascuntur
932 418 1078 475 enim,
1113 436 1214 482 quae
1250 418 1383 465 serius

107 497 419 546 maturescunt.
467 494 645 540 Eaedem
685 509 786 538 cum
826 490 1036 537 frondere
1072 491 1320 553 incipiunt,
1351 491 1385 538 fi

108 572 339 620 cacumina
357 569 469 616 rami
491 567 702 630 cujusque
728 566 1012 613 detrahantur
1026 601 1039 623 ‚
1058 564 1276 613 firmiores
1297 566 1384 614 fer-

106 641 365 702 tilioresque
393 640 534 687 fiunt:
565 657 666 686 nam
698 638 976 701 caprificatio
1009 649 1213 683 maturat.

168 715 327 761 XLIV.
362 716 411 760 In
443 730 493 759 ea
519 712 683 759 culices
706 711 824 757 nasci
854 728 876 756 e
910 710 1064 774 groffis
1098 709 1380 757 manifestum

104 787 190 837 est:
212 787 430 849 quoniam
453 802 554 833 cum
579 784 824 834 evolavere
839 819 851 842 9
873 801 967 829 non
999 783 1295 839 inveniuntur
1312 783 1382 829 in-

103 873 172 907 tus
197 877 328 923 grana
349 896 362 917 ‚
398 876 496 923 quae
518 858 565 904 in
586 874 664 904 eos
685 857 809 903 Versa
838 868 1031 919 apparet.
1062 856 1266 903 Exeundi
1283 868 1381 902 tan-

103 945 147 980 ta
184 933 245 979 est
274 932 463 981 aviditas
480 967 493 989 ‚
523 944 571 976 ut
596 930 796 993 plerique
825 941 898 976 aut
924 929 1036 992 pede
1071 928 1227 975 relicto
1248 964 1262 987 ,
1306 939 1381 975 aut

103 1022 251 1069 penna
277 1005 440 1067 pariter
477 1015 723 1064 erumpant.
754 1002 827 1048 Est
861 1005 909 1050 &
941 1002 1063 1049 aliud
1096 1019 1232 1065 genus
1265 1002 1380 1048 culi-

103 1096 234 1136 cum,
262 1094 376 1141 quos
402 1089 574 1122 vocant
607 1075 852 1133 centrinas,
884 1075 999 1122 fucis
1034 1075 1184 1138 apium
1219 1075 1379 1122 similes

102 1152 284 1216 ignavia
310 1150 589 1213 malitiaque,
621 1167 723 1195 cum
755 1148 955 1210 pernicie
982 1165 1198 1196 verorum
1226 1152 1276 1198 ὅ(
1292 1150 1380 1196 uti·

101 1225 239 1273 lium:
271 1224 535 1271 interimunt
565 1221 820 1268 enimillos
839 1257 853 1280 ,
890 1233 1021 1285 atque
1057 1223 1137 1284 ipsi
1171 1223 1379 1270 moriun-

101 1309 187 1344 tur.
219 1300 397 1344 Vexant
419 1297 469 1343 &
494 1296 627 1341 tineae
658 1294 821 1342 semina
848 1294 1054 1342 ficorum.
1075 1296 1251 1343 Contra
1272 1313 1380 1359 quas

43 1422 48 1429 ¹
101 1371 348 1417 remedium
366 1407 380 1429 ,
406 1371 453 1417 in
481 1370 641 1416 eodem
670 1369 825 1416 scrobe
856 1369 1066 1416 defodere
1096 1370 1253 1417 taleam
1280 1371 1379 1417 len-

100 1445 225 1503 tisci,
243 1443 420 1493 inversa
452 1456 602 1506 parte,
624 1461 725 1507 quae
750 1442 883 1490 fuerit
908 1461 934 1490 a
964 1444 1209 1491 cacumine.
1235 1443 1378 1490 Uber-

99 1518 230 1564 rimas
254 1529 402 1565 autem
431 1515 542 1564 ficus
572 1516 747 1562 rubrica
777 1533 956 1563 amurca
987 1516 1155 1573 diluta,
1188 1516 1239 1563 &
1273 1533 1376 1562 cum

99 1588 208 1635 fimo
233 1588 375 1635 infusa
406 1587 627 1634 radicibus
662 1585 872 1633 frondere
901 1585 1235 1650 incipientium,
1253 1585 1375 1634 facit.

100 1659 430 1723 Caprificorum
462 1658 699 1705 laudantur
723 1659 916 1705 maxime
952 1659 1112 1723 nigrae,
1144 1659 1194 1706 &
1224 1657 1270 1703 in
1294 1675 1376 1721 pe-

98 1735 227 1782 trofis
243 1771 256 1794 ‚
285 1734 503 1798 quoniam
522 1732 748 1780 frumenta
775 1734 966 1798 plurima
993 1734 1208 1781 habeant:
1237 1732 1376 1796 capri·

97 1808 251 1858 ficatio
283 1806 374 1870 ipsa
404 1806 506 1870 post
535 1807 737 1854 imbrem.
890 1822 909 1833 “

197 1883 339 1929 XLV.
372 1883 422 1926 In
449 1881 602 1944 primis
639 1891 786 1927 autem
821 1877 1100 1936 cavendum,
1131 1895 1188 1925 ne
1218 1895 1275 1925 ex
1307 1895 1377 1925 re-

96 1953 252 2000 mediis
281 1952 394 2001 vitia
423 1952 560 2001 fiant:
585 1953 710 2017 quod
740 1952 894 1998 evenit
929 1951 1066 1998 nimia
1098 1962 1175 1999 aut
1207 1952 1374 1998 intem-

98 2027 269 2090 pestiva
303 2026 537 2074 medicina.
575 2026 865 2073 Interlucatio
899 2024 1133 2071 arboribus
1164 2023 1374 2088 prodest:

99 2101 172 2147 sed
203 2101 408 2148 omnium
443 2118 666 2148 annorum
700 2101 940 2148 trucidatio
966 2100 1256 2148 inutiliffima.
1290 2100 1375 2147 Vi-

98 2175 155 2223 tis
174 2188 348 2222 tantum
371 2175 601 2223 tonsuram
630 2193 821 2222 annuam
848 2174 1030 2240 quaerit,
1057 2174 1269 2222 alternam
1296 2191 1375 2221 ve-

98 2268 151 2297 ro
191 2261 398 2314 myrtus,
431 2251 612 2298 Punicae
631 2286 645 2308 ‚
679 2249 825 2307 oleae,
861 2247 966 2312 quia
1003 2249 1206 2296 celeriter
1239 2247 1372 2294 fruti-

99 2323 291 2370 cescunt.
326 2323 502 2369 Ceterae
531 2324 669 2370 rarius
699 2322 973 2380 tondentur,
997 2320 1119 2367 nulla
1136 2332 1373 2368 autumno.

98 2399 164 2445 Ac
192 2413 248 2442 ne
273 2394 490 2442 raduntur
525 2395 702 2459 quidem
719 2431 734 2453 ‚
763 2393 843 2441 nifi
871 2410 994 2443 vere.
1024 2393 1262 2441 Putatione
1280 2391 1374 2455 pla-

100 2489 166 2536 gae
191 2472 246 2519 ad
275 2470 432 2519 vitalia
467 2469 568 2518 sunt
602 2470 756 2519 omnia
781 2484 1062 2535 quaecunque
1091 2483 1188 2515 non
1218 2464 1372 2530 super-

101 2564 258 2597 Vacua.
