1653 2797
237 178 520 226 NATUR.
558 176 871 225 HISTOR.
907 177 1034 225 LIB.
1073 178 1298 225 XVIII.
1338 193 1425 240 233
1471 193 1476 198 ‘

146 286 399 351 famemque
432 285 700 335 censemus?
726 288 870 331 Immo
899 286 1127 346 hercules,
1146 287 1332 335 modum
1361 286 1429 349 ju-

147 360 293 407 dicem
320 377 470 407 rerum
492 358 698 405 omnium
721 358 1014 406 utiliffimum.
1044 363 1162 408 Bene
1181 361 1331 409 colere
1350 378 1429 407 ne-

147 433 375 480 ceffarium
393 432 453 479 est
473 450 483 478 :
509 431 704 494 optime,
726 431 1015 491 damnosum,
1037 447 1332 498 praeterquam
1351 433 1429 480 so·-

145 505 276 562 bole,
297 503 375 550 suo
408 503 612 562 colono,
638 515 714 550 aut
747 503 989 567 pascendis.
1027 505 1214 570 Alioqui
1247 507 1428 554 colente

145 578 336 624 domino
380 577 550 641 aliquas
591 577 745 624 meffes
773 577 987 641 colligere
1023 594 1119 625 non
1153 579 1362 641 expedit,
1396 579 1428 625 fi

144 661 431 712 computetur
473 649 750 711 impendium
786 666 954 713 operae.
1001 652 1099 698 Nec
1132 662 1298 698 temere
1337 652 1432 698 olim

143 740 283 770 vam:
320 741 404 770 nec
431 722 640 787 quasdam
668 734 806 769 terras
839 721 1073 785 diligenter
1107 722 1257 769 colere
1275 759 1288 781 ,
1317 723 1429 770 sicut

143 793 193 841 in
211 796 389 854 Sicilia,
420 796 626 844 tradunt:
659 795 811 859 itaque
843 795 989 857 decipi
1022 795 1235 842 advenas:

210 871 324 917 VIII.
369 889 406 918 1.
429 873 647 932 Quonam
675 870 810 934 igitur
838 869 980 916 modo
1012 869 1238 917 utilifiime
1265 870 1425 916 colen—

142 954 215 989 tur
236 944 330 1008 agri
350 945 368 991 ?
394 948 461 991 Ex
489 944 677 991 oraculo
698 943 866 991 scilicet
881 979 894 1002 ,
918 943 1044 989 malis
1066 943 1213 990 bonis.
1247 945 1332 990 Sed
1352 944 1427 991 cle-

141 1014 267 1062 fendi
300 1033 477 1080 aequum
512 1015 574 1062 est
599 1016 768 1062 abavos
784 1051 798 1073 ,
832 1015 909 1078 qui
936 1015 1171 1077 praeceptis
1200 1015 1286 1063 suis
1313 1035 1427 1080 pro-

140 1087 324 1150 spexere
351 1090 472 1135 vitae.
503 1090 711 1152 Namque
740 1105 842 1135 cum
877 1087 1078 1134 dicerent
1106 1088 1233 1134 malis
1254 1125 1267 1145 ,
1290 1091 1427 1136 intel-

139 1161 278 1226 ligere
301 1163 490 1210 Voluere
508 1162 758 1210 viliffimos.
787 1163 1020 1209 Summum
1044 1162 1350 1225 providentiae
1368 1165 1426 1210 il-

138 1235 291 1282 lorum
306 1236 393 1283 fuit
407 1273 421 1296 ,
440 1249 490 1283 ut
517 1254 652 1300 quam
675 1236 912 1283 minimum
927 1236 1031 1282 efi'et
1052 1235 1279 1299 impendii.
1304 1238 1426 1284 Prae·-

142 1308 370 1371 cipiebant
396 1309 518 1356 enim
547 1308 654 1367 ista,
687 1307 767 1371 qui
794 1307 1056 1371 triumphali
1087 1308 1222 1354 denas
1254 1311 1428 1371 argenti

140 1380 274 1428 libras
301 1382 348 1427 in
389 1380 655 1444 supellectile
683 1380 861 1428 crimini
898 1380 1090 1426 dabant:
1125 1381 1203 1444 qui
1239 1392 1426 1427 mortuo

140 1454 303 1501 villico
324 1455 580 1520 relinquere
611 1455 823 1502 victorias
840 1490 854 1512 ,
881 1456 932 1501 ὃς
955 1454 1126 1499 reverti
1155 1454 1201 1498 in
1222 1453 1297 1500 sua
1322 1472 1427 1500 rura
1469 1517 1473 1520 ἱ

138 1525 457 1590 postulabant:
491 1543 687 1590 quorum
721 1527 887 1589 praedia
931 1525 1123 1572 colenda
1165 1525 1428 1588 suscipiebat

139 1600 437 1662 Respublica3
483 1599 793 1665 exercitusque
831 1600 1080 1658 ducebant,
1129 1600 1295 1647 Senatu
1339 1600 1426 1647 illis

138 1672 387 1721 villicante.

213 1747 321 1792 Inde
359 1746 436 1792 illa
462 1745 638 1810 reliqua
676 1743 893 1791 oracula:
932 1745 1139 1808 Nequam
1177 1745 1422 1809 agricolam

139 1817 224 1865 effe
237 1855 252 1877 ‚
271 1818 467 1882 quisquis
495 1831 689 1875 emeret,
707 1817 833 1882 quod
848 1817 1054 1880 praestare
1072 1818 1111 1863 ei
1132 1817 1295 1865 fundus
1320 1820 1422 1882 pos-

140 1890 216 1937 set.
248 1892 419 1937 Malum
447 1903 619 1953 patrem
651 1891 866 1948 familias,
903 1890 1105 1954 quisquis
1130 1891 1324 1938 interdiu
1351 1892 1419 1939 fa*

140 1978 261 2013 ceret
278 2003 290 2021 ‚
325 1967 449 2030 quod
471 1967 610 2013 noctu
629 1967 798 2029 postet,
827 1964 908 2010 nisi
944 1965 991 2011 in
1029 1966 1287 2028 tempestate
1310 1968 1422 2014 caeli.

139 2037 346 2098 Pejorem
363 2074 376 2095 ,
407 2039 484 2102 qui
518 2037 723 2101 profestis
751 2037 905 2083 diebus
937 2049 1085 2099 ageret
1101 2075 1116 2095 ,
1137 2041 1262 2101 quod
1284 2038 1419 2086 feria-

139 2112 195 2158 tis
228 2113 421 2160 deberet.
455 2113 722 2168 Pefi'irnum,
754 2111 833 2174 qui
871 2109 1028 2157 sereno
1074 2111 1145 2158 die
1178 2111 1258 2159 sub
1301 2114 1420 2160 testo

139 2187 292 2249 potius
325 2199 614 2250 operaretur,
648 2202 782 2250 quam
817 2184 863 2230 in
891 2201 1014 2249 agro.

221 2276 258 2305 2.
300 2261 490 2322 Nequeo
521 2258 634 2305 mihi
667 2271 944 2321 temperare,
973 2275 1068 2322 quo
1106 2259 1254 2307 minus
1280 2278 1418 2307 uuum

139 2335 395 2396 exemplum
437 2334 711 2397 antiquitatis
749 2332 961 2390 afferam,
1001 2350 1058 2379 ex
1097 2352 1190 2398 quo
1230 2334 1448 2399 intelligi.

139 2408 270 2472 poffit
284 2445 295 2462 ‚
317 2407 432 2469 apud
450 2405 668 2468 populum
688 2407 820 2452 etiam
847 2408 901 2452 de
933 2407 1119 2453 culturis
1139 2408 1297 2469 agendi
1315 2425 1418 2455 mo-

138 2498 230 2529 rem
254 2480 408 2533 fuiffe,
422 2480 703 2543 qualiterque
721 2479 898 2526 defendi
925 2479 1042 2525 soliti
1062 2479 1145 2526 fint
1163 2478 1226 2525 illi
1241 2480 1344 2527 viri.
1364 2483 1416 2528 C.
