1653 2797
230 160 289 206 30
474 145 529 192 C.
581 145 842 192 PLINII
888 146 1273 197 SECUNDI

222 253 509 301 denariorum
534 251 580 297 in
609 251 822 301 sextarios
855 254 929 301 sex
948 255 1079 303 musti
1107 256 1253 305 addita
1269 293 1288 316 ,
1306 257 1504 310 fimiliter

222 331 270 378 in
300 329 456 375 linteo.
484 329 487 331 ’

287 403 357 446 Ex
391 399 548 447 ceteris
584 399 759 459 herbis,
792 400 844 448 fit
878 400 1135 449 absinthites
1170 400 1218 448 in
1250 416 1317 450 XL
1354 404 1504 453 sexta-³

218 476 315 521 rios
349 472 500 531 musti,
530 471 734 519 absinthii
763 473 942 520 Pontici
976 472 1087 520 libra
1116 474 1300 522 deco&a
1328 477 1381 523 ad
1413 490 1507 526 ter-

221 551 305 598 tias
332 562 476 612 partes
495 584 508 605 ‚
539 547 615 595 vel
644 547 791 611 scopis
823 548 1027 594 absinthii
1059 548 1106 594 in
1137 549 1296 597 vinum
1330 550 1506 602 additis.

222 621 432 669 Similiter
464 619 712 684 hyssopites
742 637 765 666 e
801 619 967 666 Cilicio
999 619 1226 683 hyffopo,
1247 623 1390 670 unciis
1421 624 1503 672 tri·-

221 697 304 744 bus
336 695 384 741 in
414 694 528 740 duos
562 693 754 756 congios
784 692 914 739 musti
948 691 1183 754 conjeffis‚
1215 707 1293 742 aut
1317 697 1423 744 tufis
1453 698 1507 745 in

219 786 374 817 unum.
415 767 547 812 Fiunt
575 778 760 828 utraque
786 769 836 814 &
868 766 957 812 alio
990 767 1161 826 modo,
1185 767 1302 815 circa
1333 771 1503 819 radices

217 843 384 890 vitium
414 839 522 886 sato.
556 838 627 885 Sic
660 839 710 884 ὅ(
737 838 999 885 elleboriten
1025 837 1121 911 fieri
1142 856 1200 886 ex
1222 854 1405 889 veratro
1426 844 1502 903 yni-

220 933 301 981 gro
332 916 448 961 Cato
483 913 629 958 docet.
663 911 733 957 Sic
760 909 810 957 fit
843 913 893 958 δε
917 911 1243 960 scammonites.
1280 914 1397 963 Mira
1425 914 1522 963 viz

220 989 332 1036 tium
356 997 514 1032 natura
531 1019 543 1042 ,
567 983 768 1047 saporem
788 982 980 1029 alienum
1001 984 1049 1030 in
1071 984 1114 1031 se
1132 985 1369 1044 trahendi,
1389 1003 1501 1050 qua-

218 1062 307 1108 lem
342 1060 391 1106 &
425 1057 608 1104 salicum
637 1055 843 1102 redolent
871 1056 1194 1104 Patavinorum
1224 1057 1270 1104 in
1296 1059 1502 1122 palustri-

221 1133 303 1183 bus
327 1128 582 1177 vindemiae.
611 1128 681 1174 Sic
711 1128 761 1174 ὅ(
795 1127 1043 1174 elleborum
1065 1125 1224 1176 seritur
1249 1129 1296 1176 in
1321 1130 1499 1191 Thaso,

219 1218 295 1254 aut
332 1203 532 1252 cucumis
563 1201 788 1260 silvester,
822 1214 898 1249 aut
929 1200 1234 1249 scammonia:
1271 1204 1397 1266 quod
1423 1205 1498 1253 vi-

216 1297 328 1326 num
346 1275 606 1341 phthorium
628 1287 798 1322 vocant
811 1311 825 1334 ,
843 1275 1060 1338 quoniam
1079 1274 1261 1322 abortus
1285 1276 1407 1325 facit.

283 1353 326 1398 6.
360 1351 426 1396 Fit
446 1350 496 1396 δε
513 1365 569 1394 ex
589 1348 736 1394 herbis
755 1384 771 1406 ,
791 1364 977 1411 quarum
997 1363 1164 1394 naturae
1194 1348 1275 1395 suo
1296 1346 1404 1408 loco
1424 1350 1498 1398 di·—

216 1441 388 1473 centur.
421 1426 457 1469 E
485 1420 739 1478 stoechade,
770 1422 820 1468 &
857 1421 1002 1469 radice
1034 1421 1282 1484 gentianae‚
1317 1425 1366 1470 &
1401 1439 1497 1471 tra-

216 1497 458 1562 gorigano,
481 1497 530 1542 ὅ(
549 1493 771 1539 ἀὶξὶειῐηῃο
786 1528 799 1550 ‚
819 1492 970 1552 asaro,
994 1493 1140 1540 dauco
1154 1530 1168 1552 ‚
1196 1494 1492 1558 elelisphaoe,
1548 1545 1552 1549 ,

212 1587 380 1635 panace
394 1605 407 1627 ,
425 1584 562 1616 acoro
579 1603 592 1625 ,
614 1583 791 1631 conyza
805 1602 818 1625 ‚
836 1566 1001 1631 thymo
1015 1602 1029 1624 ‚
1050 1567 1341 1631 mandragora
1353 1605 1367 1627 ‚
1386 1568 1492 1630 jun-

212 1663 285 1693 co.
310 1647 545 1691 Vocarunt
568 1644 618 1688 &
653 1640 912 1705 scyzinum,
938 1642 988 1687 δε
1011 1640 1282 1699 itaeomelin,
1302 1643 1352 1689 &
1371 1641 1490 1691 leffi-

210 1720 445 1784 sphagiten
461 1754 474 1776 ,
493 1733 690 1781 quorum
714 1714 803 1776 jam
827 1714 1060 1761 obliterata
1082 1715 1194 1761 ratio
1220 1715 1294 1762 est.

278 1811 322 1856 7.
357 1794 414 1839 Et
440 1791 650 1838 fruticum
676 1805 788 1837 vero
819 1805 843 1834 e
871 1804 1055 1851 genere,
1085 1788 1202 1835 cedri
1231 1789 1492 1854 utriusque,'

212 1864 398 1928 cupressi
412 1901 427 1920 ‚
446 1863 590 1909 laurus
607 1897 619 1919 ‚
641 1860 859 1924 juniperi,
879 1860 1138 1919 terebinthi,
1159 1861 1206 1906 in
1223 1861 1372 1908 Gallia
1389 1863 1490 1910 len-

213 1939 308 1987 tisci
323 1975 339 1998 ‚
370 1937 525 1984 baccas
555 1948 629 1982 aut
654 1935 828 1999 lignum
856 1951 1008 1981 recens
1035 1933 1181 1980 musto
1211 1934 1489 2000 decoquunt.

212 2015 323 2060 Item
358 2009 630 2067 chamelaeae,
664 2009 712 2055 &
738 2007 1073 2072 chamepityos‚
1100 2009 1150 2055 &
1175 2008 1488 2073 chamaedryos

210 2084 383 2148 lignum
404 2082 564 2128 eodem
588 2082 728 2128 modo
743 2117 756 2140 ,
783 2083 832 2129 &
852 2098 907 2127 ex
924 2081 1060 2139 flore,
1080 2081 1126 2126 in
1153 2082 1366 2144 congium
1385 2099 1487 2129 mu·

211 2156 262 2203 sti
294 2157 448 2202 decem
479 2155 763 2201 denariorum
797 2156 996 2218 pondere
1031 2155 1196 2201 addito.

275 2221 384 2268 XX.
419 2220 487 2267 Fit
521 2219 681 2267 vinum
722 2221 772 2266 &
806 2236 862 2265 ex
895 2237 1009 2284 aqua
1041 2236 1092 2266 ac
1129 2219 1261 2266 melle
1295 2235 1484 2270 tantum.

214 2295 543 2359 Quinquennio
566 2294 621 2340 ad
644 2294 733 2340 hoc
751 2293 916 2340 servari
938 2277 1153 2341 caelestem
1184 2293 1352 2354 jubent.
1383 2294 1481 2341 Ali-

211 2369 285 2432 qui
303 2368 610 2432 prudentiores
628 2366 771 2413 statim
800 2367 854 2413 ad
871 2367 1018 2413 tertias
1037 2381 1180 2428 partes
1203 2367 1483 2430 decoquunt,

210 2443 258 2490 &
278 2441 452 2489 tertiam
477 2441 619 2490 mellis
649 2440 813 2493 veteris
830 2439 1070 2505 adjiciunt:
1102 2439 1259 2489 deinde
1286 2451 1355 2487 XL
1380 2437 1477 2491 die·-
