1653 2797
251 187 336 251 198
513 180 1281 232 C.PL1N118ECUND1

246 296 277 341 li
307 292 511 340 examine
551 290 780 353 undique,
818 307 874 336 ne
914 302 1164 353 praegravet
1198 289 1364 338 fructus
1397 299 1523 354 parte

247 370 417 430 aliqua,
447 366 593 412 obiter
615 365 732 411 idem
756 364 1006 425 deprimens
1027 363 1285 426 prohibebit
1302 364 1350 410 in
1369 366 1521 412 excel-

249 441 343 488 sum
387 437 590 485 emicare.
626 435 745 484 Huic
781 434 928 480 vineae
964 435 1098 482 trium
1134 436 1298 498 pedum
1334 436 1523 486 altitudo

246 510 466 558 excelfior
487 520 612 559 nutat
633 526 642 554 τ
669 507 824 555 ceteris
850 525 873 553 a
901 507 1061 570 quinto
1079 544 1093 566 ‚
1124 508 1229 555 dum
1257 525 1313 555 ne
1338 509 1525 560 excedat

247 583 447 631 hominis
466 581 792 644 longitudinem
815 578 986 641 justam.
1004 580 1058 626 Iis
1077 597 1260 645 quoque
1282 599 1382 644 quae
1402 581 1525 645 spar·

249 668 414 720 guntur
440 655 487 700 in
514 666 630 702 terra
647 689 658 709 ‚
687 653 847 701 breves
880 652 935 698 ad
953 651 1234 700 innitendum
1257 671 1418 702 cannas
1441 654 1527 702 cir·

250 729 486 787 cumdant‚
521 727 750 775 scrobibus
786 743 864 787 per
892 725 1108 772 ambitum
1143 725 1295 785 fastis,
1336 745 1392 779 ne
1420 729 1528 794 vagi

251 804 456 867 palmites
493 803 608 849 inter
641 801 682 847 se
715 814 916 864 pugnent
950 799 1260 848 occursantes:
1293 802 1528 866 majorque

248 893 351 940 pars
369 889 582 923 terrarum
609 876 670 920 ita
684 873 885 935 supinam
903 874 949 919 in
967 873 1125 920 tellure
1143 874 1415 923 vindemiam
1433 894 1527 924 me-

250 952 318 998 tit.
341 950 570 1012 Siquidem
585 950 634 998 &
653 949 700 996 in
716 947 867 995 Africa
878 984 891 1006 ‚
910 949 960 996 &
980 948 1026 993 in
1040 949 1240 1012 AEgypto
1251 985 1266 1008 ,
1283 950 1527 1015 Syriaque,

250 1041 302 1071 ac
332 1034 429 1069 tota
446 1021 546 1069 Afia
561 1058 575 1081 ,
600 1024 649 1070 &
671 1020 822 1068 multis
848 1021 962 1068 locis
988 1023 1182 1084 Europae
1201 1022 1274 1070 hic
1300 1039 1399 1071 mos
1416 1040 1529 1087 prae-

251 1096 388 1142 valet.
411 1096 477 1142 Ibi
503 1113 610 1159 ergo
636 1094 759 1156 juxta
780 1107 943 1140 terram
973 1095 1212 1156 comprimi
1240 1097 1371 1146 debet
1396 1097 1530 1157 vitis,

252 1171 414 1217 eodem
459 1171 600 1218 modo
635 1172 685 1221 ὃς
715 1183 917 1232 tempore
948 1170 1112 1217 nutrita
1147 1170 1324 1229 radice,
1351 1187 1443 1235 quo
1479 1171 1528 1219 in

248 1247 402 1310 jugata
420 1246 577 1293 vinea:
599 1258 647 1292 ut
676 1245 847 1308 semper
865 1244 1054 1307 pollices
1081 1256 1255 1292 tantum
1274 1245 1529 1308 relinquan-

251 1335 349 1365 tur:
386 1318 517 1365 fertili
553 1318 680 1377 solo,
714 1337 815 1366 cum
849 1318 990 1365 tribus
1029 1318 1237 1382 gemmis:
1266 1319 1527 1382 graciliore,

252 1392 428 1455 quinis:
450 1392 711 1457 praestatque
731 1393 898 1439 multos
911 1391 994 1438 effe
1010 1427 1022 1450 ‚
1043 1409 1176 1454 quam
1204 1391 1382 1456 longos.
1410 1393 1529 1452 Quae

252 1465 308 1511 de
339 1478 495 1511 natura
524 1465 608 1511 soli
641 1467 860 1523 diximus,
889 1477 1018 1512 tanto
1048 1466 1307 1527 potentiora
1337 1464 1529 1515 sentien-

254 1549 353 1594 tur,
375 1552 546 1598 quanto
581 1537 770 1598 propior
803 1536 934 1583 fuerit
960 1553 1054 1584 uva
1082 1549 1223 1585 terrae·

326 1609 394 1654 16.
431 1609 607 1654 Genera
633 1605 854 1669 separari,
883 1625 933 1654 ac
967 1608 1146 1671 singulis
1171 1608 1346 1655 conseri
1376 1607 1526 1659 tracti-

207 1743 211 1746 .
253 1682 335 1731 bus
363 1680 650 1726 utilissimum.
689 1681 889 1731 Mixtura
919 1679 1039 1726 enim
1074 1694 1287 1743 generum
1310 1681 1443 1726 etiam
1478 1679 1527 1726 in

253 1752 395 1809 vino,
418 1767 514 1798 non
538 1752 679 1797 modo
706 1752 754 1797 in
779 1750 924 1797 musto
950 1750 1144 1798 discors:
1166 1768 1242 1799 aut
1263 1751 1293 1798 fi
1314 1751 1526 1798 miscean-

251 1837 352 1882 tur,
384 1841 478 1869 non
510 1824 618 1882 alia,
654 1841 788 1887 quam
822 1824 986 1886 pariter
1017 1825 1377 1881 maturescentia,
1400 1824 1527 1888 jungi

252 1896 553 1944 necessarium.
575 1898 682 1963 Juga
713 1897 869 1943 altiora
886 1933 899 1953 2
919 1913 1013 1959 quo
1041 1897 1185 1943 laetior
1203 1913 1328 1959 ager,
1350 1898 1400 1943 &
1432 1912 1528 1959 quo

253 1971 453 2034 planior:
476 1970 583 2016 item
597 1970 777 2017 roscido
789 2006 802 2028 ,
821 1969 1039 2016 nebuloso
1051 2006 1064 2028 ,
1081 1970 1312 2034 minusque
1330 1969 1527 2028 ventoso

258 2042 558 2089 conveniunt.
595 2044 797 2101 Contra,
821 2043 1059 2090 humiliora
1098 2043 1249 2106 gracili
1285 2045 1334 2092 &
1362 2043 1488 2090 arido
1507 2079 1526 2101 ‚

254 2113 473 2171 aestuoso,
507 2114 740 2178 ventisque
760 2115 979 2178 exposito.
1005 2117 1109 2178 Juga
1135 2116 1188 2161 ad
1211 2116 1525 2178 pedamentum

254 2204 390 2251 quam
426 2187 659 2234 air-&iffimo
685 2189 809 2234 nodo
843 2189 1009 2236 vinciri
1039 2201 1250 2251 oportet,
1270 2190 1412 2240 vitem
1434 2187 1525 2236 levi

256 2260 494 2308 contineri.
528 2261 645 2319 Quae
678 2277 837 2323 genera
877 2261 1071 2319 vitium,
1108 2264 1158 2311 &
1191 2263 1238 2308 in
1272 2263 1392 2327 quali
1425 2262 1524 2309 solo

254 2333 457 2396 caeloque
475 2332 611 2379 effent
630 2332 924 2391 conserenda,
948 2351 1052 2380 cum
1075 2351 1428 2384 enumeraremus
1447 2351 1522 2384 na-

253 2416 370 2456 turas
399 2422 548 2452 earum
576 2407 625 2453 &
657 2406 872 2453 vinorum
889 2442 901 2464 ,
935 2408 1205 2455 notavimus.

326 2495 394 2544 ³7.
414 2479 488 2529 De
514 2478 688 2547 reliquo
712 2479 835 2531 cultu
852 2480 1138 2531 vehementer
1155 2480 1402 2549 ambigitur.
1423 2479 1525 2527 Ple«
