1653 2797
269 197 359 245 234
551 183 1293 237 C.PLINII·SECUNDI

265 291 423 336 Furius
443 291 652 338 Crefinus
676 308 699 338 e
719 290 931 339 servitute
952 293 1183 351 liberatus,
1205 313 1307 345 cum
1326 296 1371 342 in
1393 309 1539 359 parvo

265 364 507 410 admodum
537 365 680 428 agello
713 366 927 430 largiores
962 367 1105 414 multo
1140 367 1307 415 frufilus
1332 371 1539 433 percipe-

264 447 357 493 ret,
375 453 505 499 quam
528 454 584 484 ex
610 439 880 501 ampliffimis
900 440 1133 498 vicinitas,
1158 440 1203 486 in
1229 441 1402 488 invidia
1419 458 1542 506 mag-

266 525 323 553 na
357 520 478 567 erat,
518 526 600 557 ceu
642 509 788 574 fruges
833 511 1006 558 alienas⁴
1028 512 1258 575 pelliceret
1292 513 1540 563 veneficiis.

268 581 583 639 Quamobrem
617 599 642 628 a
680 584 752 645 Sp.
784 583 954 629 Albino
985 584 1131 630 curuli
1165 585 1236 631 die
1277 586 1417 645 dicta,
1447 604 1546 634 me-

264 663 392 700 tuens
409 655 762 713 damnationem,
783 674 885 703 cum
905 656 951 702 in
972 656 1226 720 suffragium
1243 661 1382 706 tribus
1403 676 1546 723 opor-

264 737 378 772 teret
409 729 499 786 ire,
539 729 878 775 instrumentum
908 729 1122 776 rusticum
1159 747 1294 779 omne
1318 733 1364 779 in
1394 733 1544 781 forum

265 801 415 846 attulit
431 809 450 857 ‚‘
475 805 523 848 &
549 803 732 849 adduxit
758 801 971 848 familiam
989 803 1212 861 validam,
1241 817 1374 868 atque
1395 805 1469 871 (ut
1484 808 1546 854 ait

264 872 389 935 Piso)
425 874 535 920 bene
558 886 757 921 curatam
791 892 841 921 ac
877 875 1109 934 vestitam,
1135 876 1401 925 ferramenta
1425 896 1544 942 egre-

264 945 333 1006 gie
372 944 506 1002 faeta,
546 962 704 1009 graves
738 945 938 1009 ligones,
977 963 1189 994 vomeres
1229 948 1546 1010 ponderosos,

265 1016 410 1061 boves
445 1015 630 1063 saturos.
666 1017 822 1063 Postea
852 1017 990 1064 dixit:
1012 1017 1244 1064 Veneficia
1265 1036 1391 1078 mea,
1424 1021 1546 1080 Qui-

268 1088 397 1147 rites,
428 1089 525 1137 haec
553 1089 682 1136 sunt:
720 1108 802 1137 nec
834 1091 1009 1153 pofl‘um
1034 1090 1170 1138 vobis
1194 1091 1450 1151 ostendere,
1471 1105 1547 1140 aut

265 1161 311 1207 in
333 1162 484 1210 forum
507 1165 724 1210 adducere
744 1164 1078 1211 lucubrationes
1096 1164 1239 1220 meas,
1258 1163 1546 1228 vigiliasque,

266 1239 317 1284 &
336 1237 531 1287 sudores.
562 1241 784 1287 Omnium
805 1240 1032 1286 sententiis
1051 1239 1278 1286 absolutus
1301 1239 1452 1303 itaque
1471 1240 1546 1288 est.

267 1310 475 1357 Profecto
497 1348 509 1367 ‚
546 1311 716 1373 opera,
756 1328 850 1356 non
884 1309 1112 1373 impensa,
1146 1310 1318 1356 cultura
1360 1309 1546 1356 constat.

268 1382 323 1427 Et
350 1381 452 1428 ideo
479 1382 668 1443 majores
708 1382 1017 1429 fertiliffimum
1045 1382 1092 1428 in
1118 1399 1228 1446 agro
1253 1381 1437 1429 oculum
1462 1383 1547 1429 do-

266 1452 378 1498 mini
405 1454 488 1500 effe
517 1455 741 1501 dixerunt.

343 1541 384 1585 3.
418 1526 608 1588 Reliqua
641 1539 861 1589 praecepta
889 1528 1131 1574 reddentur
1164 1526 1249 1573 suis
1284 1526 1429 1587 locis,
1451 1544 1551 1591 quae

264 1600 450 1661 propria
486 1617 697 1662 generum
725 1600 1005 1663 singulorum
1033 1613 1175 1646 erunt.
1204 1601 1387 1647 Interim
1418 1617 1551 1647 com-

269 1672 444 1727 munia,
465 1689 565 1733 quae
584 1671 875 1729 succurrunt,
894 1688 987 1717 non
1013 1672 1284 1717 omittemus.
1316 1674 1372 1717 Et
1391 1671 1438 1716 in
1458 1670 1549 1733 pri-

268 1744 352 1789 mis
374 1745 561 1790 Catonis
581 1744 936 1791 humanissimum
952 1744 1341 1807 utiliffimumque:
1365 1745 1414 1790 Id
1428 1761 1550 1807 agen·

270 1816 404 1873 dum,
438 1828 489 1862 ut
521 1817 708 1881 diligant
750 1816 909 1863 vicini.
949 1816 1110 1864 Causas
1147 1816 1291 1862 reddit
1323 1816 1430 1862 ille:
1462 1832 1548 1862 nos

270 1888 568 1934 existimamus
599 1888 709 1934 nulli
734 1889 816 1934 effe
836 1888 1004 1935 dubias.
1031 1891 1148 1935 Inter
1169 1890 1311 1951 prima
1335 1888 1453 1935 idem
1474 1905 1549 1935 ca-

271 1974 376 2017 vet,
411 1978 467 2007 ne
496 1960 675 2007 familiae
703 1961 831 2006 malae
860 1960 956 2006 sint.
1012 1960 1139 2006 Nihil
1172 1959 1267 2006 sero
1299 1959 1551 2007 faciendum

270 2034 316 2079 in
340 2035 610 2097 agricultura
638 2050 795 2080 omnes
818 2032 998 2079 censent
1013 2069 1026 2090 ,
1047 2033 1296 2097 iterumque
1321 2033 1401 2082 suo
1427 2050 1547 2096 quae-

271 2124 357 2170 que
393 2119 596 2169 tempore
632 2106 847 2153 facienda.
883 2108 950 2151 Ex
977 2106 1108 2152 tertio
1146 2117 1406 2168 praecept0,
1434 2122 1549 2167 prae-

273 2178 464 2224 termiffa
492 2178 649 2223 frustra
679 2176 903 2223 revocari.
930 2178 1005 2223 De
1025 2189 1138 2223 terra
1158 2177 1323 2223 cariosa
1350 2176 1548 2224 exsecra-

270 2251 336 2297 tio
371 2250 559 2296 Catonis
593 2249 766 2312 abunde
798 2249 990 2295 indicata
1025 2249 1099 2295 est.
1133 2251 1407 2313 Quanquam
1433 2266 1548 2311 prae-

271 2326 418 2371 dicere
454 2341 549 2370 non
585 2324 714 2369 cessat
747 2324 808 2369 is:
841 2323 1076 2385 Quidquid
1122 2326 1201 2385 per
1235 2322 1414 2369 asellum
1450 2320 1548 2368 fieri

269 2397 414 2459 potest
434 2434 447 2456 ,
474 2397 680 2444 vilissime
706 2396 891 2443 constat.
926 2397 1037 2442 Filix
1068 2396 1253 2442 biennio
1277 2395 1465 2441 moritur
1481 2428 1493 2450 ‚
1514 2393 1547 2439 fi

265 2470 473 2517 frondem
503 2487 630 2535 agere
664 2487 759 2516 non
792 2470 983 2533 patiaris,
1021 2470 1069 2516 Id
1103 2467 1394 2516 efficacissime
1429 2483 1545 2517 con-
