1653 2797
191 244 193 246 Ι
260 179 552 227 NATUR.
588 177 1280 229 HISTOR.L113.XV11‹.
1357 198 1438 244 173

146 300 341 350 opacat.
380 288 534 336 Avttico
565 286 661 332 haec
687 302 872 348 quoque
897 288 1077 335 videtur
1105 307 1128 336 e
1149 291 1439 354 graviffimis:

164 377 248 407 nec
284 361 442 408 dubito
464 396 480 417 ,
514 359 546 404 fi
587 358 847 404 emittantur
885 360 933 405 in
965 378 1128 409 ramos.
1175 363 1443 410 Constrfflae

162 434 343 496 quidem
375 434 509 480 ullius
537 433 724 479 noxiam
759 432 842 479 effe
879 450 974 479 non
1010 435 1214 483 arbitror.
1245 439 1446 499 Jucunda

161 509 212 554 &
248 507 440 570 platani,
477 523 732 570 quanquam
769 505 938 554 craffa:
976 507 1080 553 licet
1118 497 1308 571 gramini
1345 529 1444 558 cre-

161 581 265 626 dere
298 596 394 626 non
427 577 542 637 soli,
578 580 698 626 haud
732 579 816 626 alia
852 579 997 626 laetius
1032 582 1268 643 operiente
1299 597 1444 631 toros.

146 644 339 715 ⁴Populo
374 652 496 698 nulla
531 652 785 699 ludentibus
819 652 966 700 foliis:
997 653 1173 717 pinguis
1208 655 1344 714 alno,
1373 657 1445 703 sed

156 726 339 789 pascens
368 725 470 773 sata.
499 726 617 773 Vitis
641 727 721 773 fibi
752 726 912 774 sufficit
930 765 944 785 ‚
974 728 1134 774 mobili
1165 728 1282 776 folio
1301 766 1315 788 ,
1348 729 1442 790 jac-

156 810 342 863 tatuque
385 801 544 847 crebro
587 800 738 847 Solem
778 801 938 847 umbra
974 813 1250 863 temperans,
1281 804 1443 849 eodem

155 874 286 935 gravi
313 887 555 939 protegens
576 874 622 919 in
655 875 811 920 imbre.
840 873 1062 920 Omnium
1087 874 1179 921 fere
1206 876 1319 923 levis
1339 893 1442 922 um-

157 947 267 1006 bra,
298 965 493 1012 quorum
524 947 723 1010 pediculi
759 947 898 1010 longi.
922 948 1031 993 Non
1062 942 1323 994 fastidienda
1348 949 1444 996 haec

155 1036 340 1084 quoque
372 1018 583 1077 scientia,
620 1031 755 1083 atque
788 1037 883 1066 non
917 1020 963 1065 in
994 1020 1161 1067 ultimis
1195 1025 1405 1085 ponenda
1426 1061 1442 1083 ,

153 1092 341 1155 quando
368 1091 619 1156 quibusque
652 1091 751 1138 satis
774 1092 933 1139 umbra
952 1104 1027 1138 aut
1056 1094 1210 1139 nutrix
1228 1130 1242 1152 ,
1261 1107 1338 1142 aut
1356 1113 1441 1142 no-

138 1184 291 1217 verca
328 1167 401 1215 est.
449 1167 730 1231 Juglandium
765 1167 975 1231 quidem,
1019 1168 1359 1233 pinorumque,
1391 1173 1442 1218 &

149 1242 406 1305 picearum,
442 1245 492 1290 ὃ(
526 1242 709 1301 abietis,
759 1259 1040 1307 quaecunque
1090 1243 1299 1307 attigere,
1341 1263 1438 1292 non

153 1313 288 1360 dubie
326 1330 558 1361 venenum
594 1313 668 1361 est.

216 1388 342 1434 XIX.
361 1387 584 1435 Stillicidii
601 1387 753 1434 brevis
775 1386 977 1434 definitio
1000 1386 1075 1434 est.
1094 1387 1314 1435 Omnium
1336 1406 1437 1452 quae

150 1459 358 1523 proje&u
382 1460 556 1508 frondis
590 1460 651 1507 ita
672 1460 999 1517 defenduntur,
1028 1471 1077 1505 ut
1102 1477 1182 1522 per
1201 1461 1310 1523 ipsas
1339 1478 1436 1508 non

150 1533 351 1580 defluant
379 1533 564 1591 imbres,
588 1533 700 1579 stilla
720 1532 837 1580 saeva
853 1531 928 1579 est.
957 1535 1077 1596 Ergo
1098 1533 1342 1595 plurimum
1363 1534 1436 1580 in—

149 1607 303 1654 tererit
323 1607 405 1654 hac
442 1607 760 1671 inquisitione,
793 1619 910 1653 terra
945 1607 990 1652 in
1024 1624 1111 1670 qua
1140 1606 1360 1666 feremus,
1387 1608 1432 1654 in

148 1691 368 1744 quantum
399 1681 583 1727 arbores
620 1679 815 1744 quasque
849 1679 949 1726 alat.
991 1680 1084 1726 Jam
1115 1696 1193 1742 per
1224 1679 1265 1725 se
1294 1680 1434 1728 colles

146 1753 328 1800 minora
348 1764 559 1817 quaerunt
595 1751 848 1799 intervalla.
872 1751 1080 1797 Ventosls
1102 1750 1214 1797 locis
1236 1752 1433 1798 crebrio-

146 1841 216 1871 res
239 1825 320 1872 seri
349 1825 577 1873 conducit.
611 1825 726 1871 Olea
754 1838 903 1871 tamen
930 1825 1130 1871 maximo
1156 1824 1431 1884 intervallo,

148 1897 202 1943 de
222 1914 309 1960 qua
333 1898 521 1944 Catonis
547 1897 700 1944 Italica
727 1896 945 1944 sententia
972 1896 1056 1943 est:
1085 1897 1132 1943 in
1165 1910 1276 1943 XXV
1303 1898 1431 1961 pedi-

146 1970 230 2016 bus
256 1971 492 2016 minimum
510 2006 523 2029 ‚
552 1972 797 2038 plurimugn
832 1985 943 2016 XXX
984 1969 1079 2016 seri.
1120 1971 1204 2016 Sed
1230 1971 1321 2017 hoe
1350 1989 1432 2018 va·-

145 2043 286 2091 riatur
320 2044 532 2090 locorum
562 2057 731 2090 natura.
770 2046 880 2090 Non
905 2044 988 2090 alia
1014 2042 1158 2105 major
1192 2044 1239 2089 in
1268 2044 1432 2092 Baetica

145 2117 294 2163 arbor.
332 2119 382 2163 In
414 2115 568 2163 Africa
599 2133 714 2164 vero
752 2115 884 2180 (fides
916 2134 1051 2180 penes
1087 2117 1290 2164 auftores
1320 2118 1430 2183 erit)

144 2193 372 2241 milliarias
395 2196 555 2242 vocari
588 2194 747 2241 multas
779 2206 960 2240 narrant
999 2212 1022 2240 a
1056 2195 1258 2256 pondere
1295 2195 1386 2241 olei
1413 2231 1427 2252 ‚

145 2268 273 2332 quod
309 2267 453 2314 ferant
491 2285 641 2315 annuo
673 2281 919 2331 proventu.
966 2268 1074 2314 Ideo
1110 2281 1253 2314 LXXV
1294 2268 1428 2330 pedes

144 2340 284 2403 Mago
318 2339 561 2387 intervallo
585 2340 705 2387 dedit
736 2340 964 2403 undique:
992 2352 1070 2385 aut
1098 2338 1145 2384 in
1176 2356 1329 2385 macro
1351 2338 1425 2384 so·-

144 2411 218 2470 lo,
247 2429 297 2458 ac
331 2412 475 2469 duro,
506 2424 637 2476 atque
668 2412 892 2471 ventoso,
916 2430 1018 2459 cum
1047 2412 1281 2463 minimum
1305 2427 1422 2460 XLV.

142 2485 305 2535 Baetica
330 2480 511 2550 quidem
543 2485 785 2536 uberrimas
810 2486 962 2536 meffes
990 2486 1106 2534 inter
1137 2485 1258 2534 oleas
1281 2486 1422 2534 metit„
