1653 2797
298 137 573 185 NATUR.
609 136 914 183 HISTOR.
951 137 1080 182 LIB.
1114 136 1228 185 XX.
1321 151 1411 200 397

201 245 583 294 XL1;·Bulbinem
601 243 753 290 Graeci
777 255 950 290 vocant
978 244 1159 291 herbam
1187 243 1414 307 porraceis

137 318 262 366 foliis
280 355 294 379 ,
323 317 577 366 rubicundo
608 315 765 361 bulbo.
803 315 911 362 Haec
944 317 1131 363 traditur
1154 316 1416 364 vulneribus

138 393 251 439 mire
277 391 398 439 utilis
416 390 646 436 dumtaxat
667 387 930 435 recentibus.
966 389 1132 436 Bulbus
1164 407 1297 455 quem
1324 409 1417 439 vo-

138 464 371 511 mitorium
389 472 561 508 vocant
583 460 639 507 ab
669 459 853 518 effeCIu‚
881 458 992 507 folia
1023 462 1156 508 habet
1175 461 1324 526 nigra,
1346 480 1416 510 ce-

139 537 253 584 teris
276 533 501 599 longiora.

215 610 350 656 XLII.
381 605 646 655 Utiliffimus
675 604 908 654 stomacho
940 606 1065 654 cibus
1100 609 1296 673 asparagi
1329 622 1420 658 tiae

134 682 323 730 duntur
356 680 557 728 Cumino
585 681 767 744 quidem
795 680 948 728 addito
971 680 1225 729 inflationes
1255 684 1368 730 stom
1373 703 1422 731 a·-

143 759 219 807 chi
252 759 436 822 colique
466 756 736 803 discutiunt:
769 755 906 803 iidem
927 756 1072 804 oculis
1094 743 1335 806 claritatem
1355 760 1423 806 af*

142 831 308 879 ferunt.
341 832 562 876 Ventrem
596 828 756 876 leniter
780 828 1008 876 molliunt.
1043 831 1238 879 PeEtoris
1264 834 1314 880 &
1334 833 1423 896 spi-

145 921 219 951 nae
238 903 474 951 doloribus
490 939 503 961 ‚
524 902 927 965 intestinorumque
955 902 1079 949 vitiis
1107 902 1294 967 prosunt
1313 942 1326 965 ‚
1351 907 1427 954 vie-

146 996 211 1025 no
231 982 332 1025 eum
357 991 618 1040 coquuntur
639 975 808 1022 addito.
835 974 907 1021 Ad
927 975 1184 1024 lumborum
1204 980 1254 1026 &
1270 996 1428 1027 renum

148 1050 332 1098 dolores
347 1085 361 1108 ‚
390 1048 539 1095 semen
558 1047 692 1094 trium
716 1045 962 1094 obolorum
980 1048 1181 1110 pondere
1198 1085 1212 1109 ,
1236 1051 1332 1113 pari
1352 1067 1430 1097 cu-

147 1122 470 1172 mini'bibitur.
496 1124 720 1168 Venerem
738 1120 977 1168 stimulant.
997 1120 1186 1169 Urinam
1206 1123 1326 1170 cient
1341 1124 1432 1171 uti-

149 1196 339 1254 liffime‘,
380 1206 679 1259 praeterquam
707 1194 901 1242 Veficam
935 1194 1243 1242 exhulcerant.
1282 1195 1431 1243 Radix

142 1274 336 1335 *quoque
356 1305 370 1328 ,
402 1268 703 1332 plurimorum
738 1267 1059 1331 praedicatione
1078 1304 1092 1327 ‚
1129 1269 1256 1329 trita,
1293 1271 1343 1318 ἅτ
1376 1287 1433 1317 ex

153 1346 270 1392 vino
300 1341 407 1392 ¹albo
434 1340 572 1408 pota,
605 1343 802 1391 calculos
831 1360 1017 1408 quoque
1043 1345 1289 1404 exturbat,-
1312 1345 1433 1392 lum-

152 1419 320 1467 borum
342 1421 392 1465 &
417 1414 574 1465 renum
593 1416 776 1464 dolores
795 1417 926 1464 sedat.
959 1416 1157 1477 Quidam
1187 1420 1236 1465 &
1255 1418 1311 1465 ad
1331 1408 1434 1466 vuIss

155 1509 229 1539 vae
261 1491 470 1539 dolorem
506 1492 700 1538 radicem
735 1509 837 1538 cum
865 1491 981 1538 vino
1018 1490 1140 1536 dulci
1175 1493 1434 1556 propinant.

154 1566 321 1612 Eadem
355 1566 400 1612 in
424 1578 553 1613 aceto
588 1565 771 1612 decofita
804 1575 963 1612 contra
983 1563 1295 1627 elephantiasin
1322 1581 1435 1628 pro-

156 1637 528 1702 ficit.''Asparago
557 1637 667 1683 trito
698 1644 755 1684 e'x
785 1636 891 1686 oleo
913 1638 1177 1700 perunssum
1209 1638 1351 1702 pungi
1379 1639 1439 1686 ab

156 1712 312 1775 apibus
334 1726 525 1774 negant.

229 1784 386 1829 XLIII.
406 1782 660 1830 Silvestrem
679 1782 933 1845 asparagum
960 1781 1097 1847 aliqui
1108 1781 1332 1848 Libycum
1351 1801 1437 1832 νοο

159 1867 294 1913 cant,
325 1854 466 1901 Attici
493 1854 778 1901 hormenum.
809 1853 954 1916 Hujus
985 1856 1040 1901 ad
1058 1855 1187 1919 supra
1205 1856 1317 1902 di&a
1333 1874 1438 1903 om-

160 1930 236 1976 nia
279 1928 508 1975 efficacior
539 1928 644 1988 vis,
683 1931 733 1976 &
766 1929 1017 1977 candidiori
1055 1931 1210 1993 major.
1247 1932 1440 1997 Regium

161 2002 375 2050 morbum
395 2014 619 2049 extenuat.
643 2003 831 2049 Veneris
864 2003 988 2050 causa
1006 2022 1164 2068 aquam
1182 2022 1342 2053 eorum
1359 2007 1441 2053 de-

165 2078 340 2125 costam
372 2075 467 2122 bibi
492 2075 649 2138 jubent
688 2077 741 2122 ad
768 2076 1005 2125 heminam.
1043 2079 1112 2125 Ad
1141 2080 1257 2127 idem
1289 2082 1340 2128 &
1369 2081 1438 2128 se-

165 2170 269 2200 men
305 2151 429 2214 valet
466 2168 571 2198 cum
605 2151 768 2198 anetho
789 2188 804 2210 ,
838 2152 973 2200 ternis
1010 2153 1234 2219 utriusque
1273 2156 1441 2204 obolis.

165 2230 315 2277 Datur
339 2228 388 2274 &
414 2228 469 2274 ad
494 2227 762 2290 serpentium
788 2227 897 2275 {dtus
929 2228 1082 2276 succus
1102 2230 1323 2279 decoetus.
1345 2233 1440 2292 Ra-

166 2300 247 2359 dix
262 2298 470 2347 miscetur
487 2300 626 2346 radici
645 2300 857 2347 marathri
877 2301 993 2348 inter
1009 2303 1302 2352 efficacissima
1318 2305 1440 2351 auxi-

166 2365 240 2434 iia.
274 2370 320 2419 Si
341 2364 518 2437 sanguis
538 2389 617 2436 per
643 2374 820 2420 urinam
844 2375 1072 2435 reddatur9
1098 2376 1242 2424 semen
1268 2376 1439 2441 aspara-

170 2447 215 2511 gi
232 2482 247 2507 ,
283 2447 332 2495 &
355 2446 469 2511 apii,
497 2447 547 2496 ὅζ
565 2446 734 2500 cumini
758 2448 893 2498 ternis
913 2449 1060 2499 obolis
1081 2451 1127 2497 in
1146 2450 1243 2500 vini
1264 2452 1441 2516 cyathis
