1653 2797
261 155 543 209 NATUR.
582 153 890 208 HISTOR.
924 163 1050 210 LIB.
1093 162 1257 209 XVI.
1348 161 1407 224 89

197 272 248 318 In
289 270 391 336 ipsis
422 280 534 318 vero
575 264 843 327 arboribus,
873 282 975 333 'quae
1020 269 1260 321 maximam
1290 268 1406 327 fert,

132 340 326 392 hemeris
354 353 570 399 vocatur,
605 340 820 398 brevior,
851 342 901 389 δε
930 341 977 387 in
1002 344 1160 393 orbem
1187 342 1369 390 comosa
1389 378 1405 401 ‚

133 415 307 480 alasque
341 429 567 462 ramorum
606 412 768 461 crebro
806 425 976 462 cavata.
1024 416 1201 463 Fortius
1237 415 1409 480 lignum

132 501 321 552 quercus
354 484 487 532 habet
521 487 572 533 &
604 484 938 557 incorruptius:
982 486 1153 532 ramosa
1189 489 1239 534 δε
1284 486 1408 549 ipsa:

131 557 364 625 procerior
383 569 531 609 tamen
551 594 568 616 ,
604 560 654 606 ὃ(
689 557 868 606 craffior
894 558 1088 605 caudice.
1118 559 1409 606 Excelfiffima

126 644 277 680 'autem
313 629 528 695 aegilops,
555 630 738 678 incultis
778 631 936 678 amica.
976 631 1049 677 Ab
1083 631 1166 678 hac
1201 631 1408 693 proxima

130 701 330 764 latifoliae
352 703 600 770 proceritas
620 738 633 761 ,
661 702 734 750 sed
763 703 909 750 minus
942 703 1064 750 utilis
1090 702 1313 761 aedificiis,
1343 718 1406 749 at·

125 790 215 841 'que
246 776 461 824 carboni:
491 776 664 835 dolata,
692 775 814 822 vitiis
845 776 1046 823 obnoxia
1067 776 1154 823 est:
1181 775 1405 839 quamob-

125 867 219 898 rem
263 850 402 898 solida
429 862 641 898 utuntur:
677 850 816 898 carbo
847 851 895 897 in
931 852 1193 899 aerariorum
1229 863 1404 899 tantum

125 921 320 970 officinis
349 922 653 985 compendio:
685 922 901 986 quoniam
925 924 1148 971 desinente
1167 922 1275 969 flatu
1296 939 1403 986 pro-

123 994 243 1042 tinus
285 995 538 1053 emoriens,
582 994 740 1058 saepius
779 997 1069 1061 recoquitur:
1108 1007 1259 1043 cetero
1301 995 1403 1058 plu-

121 1067 246 1114 rimis
261 1066 476 1115 scintillis.
496 1068 618 1114 Idem
637 1084 661 1114 e
682 1067 879 1115 novellis
900 1069 1075 1116 melior.
1099 1067 1269 1116 Acervi
1288 1084 1400 1114 con-

121 1138 245 1186 fertis
277 1139 402 1186 taleis
432 1139 684 1186 recentibus
721 1139 818 1185 luto
854 1140 1162 1188 caminantur:
1198 1136 1401 1184 accensa-

119 1228 208 1275 que
242 1212 359 1260 strue
385 1213 533 1261 contis
566 1213 780 1280 pungitur
811 1212 1045 1267 durescens
1072 1211 1209 1276 calyx
1228 1244 1241 1268 ‚
1269 1223 1401 1274 atque

117 1283 181 1330 ita
214 1283 426 1332 sudorem
454 1284 631 1337 emittit.
672 1283 676 1285 ’

183 1356 365 1405 Peffima
384 1360 435 1405 &
463 1357 718 1407 carboni&
738 1357 936 1407 materiae
954 1357 1227 1421 haliphloeos
1257 1357 1368 1405 dicia
1384 1393 1402 1414 ,

117 1432 193 1481 cui
227 1431 500 1480 craffiffimus
537 1444 695 1479 cortex
727 1449 860 1497 atque
893 1432 1091 1489 caudex,
1119 1432 1170 1478 &
1200 1430 1401 1493 plerum-

116 1520 205 1568 que
233 1520 373 1552 cavus
394 1502 711 1569 fungosusque.
749 1506 846 1552 Nec
872 1504 958 1551 alia
987 1502 1197 1567 putrescit
1224 1520 1281 1551 ex
1308 1503 1400 1550 hoc

113 1593 305 1640 genere,
327 1577 459 1624 etiam
487 1594 588 1624 cum
620 1578 755 1626 vivit.
795 1578 922 1639 Quin
953 1579 1003 1624 ὃς
1033 1575 1221 1623 fulmine
1252 1576 1400 1639 saepis-

112 1650 221 1696 fime
249 1650 406 1711 icitur,
427 1651 637 1715 quamvis
660 1650 892 1698 altitudine
921 1667 1017 1697 non
1045 1648 1263 1697 excellat:
1291 1649 1397 1696 ideo

112 1723 238 1788 ligno
272 1723 364 1787 ejus
390 1740 474 1772 nec
499 1723 554 1771 ad
582 1723 792 1772 sacrificia
818 1723 885 1771 uti
913 1724 978 1771 fas
1007 1722 1207 1769 habetur.
1241 1722 1397 1769 Eidem

112 1814 217 1844 raro
238 1797 362 1862 glans
377 1834 390 1856 ,
411 1800 460 1844 &
479 1814 580 1844 cum
608 1797 708 1844 tulit
723 1834 736 1856 ,
760 1815 905 1849 amara
920 1833 933 1855 ,
960 1813 1095 1860 quam
1117 1807 1279 1858 praeter
1300 1795 1397 1843 sues

110 1869 286 1916 nullum
315 1869 504 1940 attingat
527 1870 719 1917 animal:
751 1888 802 1918 ac
822 1887 877 1917 ne
898 1871 968 1918 hae
993 1868 1196 1934 quidem,
1221 1868 1251 1915 fi
1274 1868 1396 1915 aliud

108 1942 324 2005 pabulum
358 1943 560 1991 habeant.
598 1945 702 1991 Hoc
736 1961 922 2010 quoque
961 1944 1078 1993 inter
1109 1943 1277 2006 reliqua
1310 1959 1393 1989 ne-

107 2013 259 2076 glectae
291 2013 523 2078 religionis
558 2013 651 2073 est,
683 2016 808 2079 quod
843 2027 1056 2063 emortuo
1094 2014 1292 2062 carbone
1326 2014 1394 2062 sa-

111 2084 350 2133 crificatur.

174 2160 315 2208 Glans
347 2160 470 2225 fagea
495 2160 618 2208 suem
647 2159 831 2207 hilarem
865 2159 992 2218 facit,
1024 2176 1202 2208 carnem
1233 2159 1391 2224 coqui-⁴

105 2231 268 2290 bilem,
294 2250 345 2280 ac
370 2233 518 2280 levem
545 2235 595 2280 &
620 2233 777 2281 utilem
802 2231 1032 2280 stomacho
1054 2251 1064 2279 :
1093 2232 1250 2297 iligna,
1272 2232 1391 2278 suem

106 2306 337 2370 angustam
353 2343 369 2363 ‚
388 2306 570 2354 nitidam
585 2343 599 2364 ,
621 2305 874 2371 strigosam,
896 2305 1192 2369 ponderosam
1213 2323 1224 2351 ε
1254 2320 1390 2368 quer-

105 2396 186 2436 na,
218 2378 450 2426 diffusam:
491 2380 741 2443 graviffima
772 2382 823 2428 &
859 2379 951 2444 ipsa
975 2380 1229 2445 glandium,
1250 2389 1386 2442 atque

103 2451 362 2505 dulciffima.
384 2453 639 2500 Proximam
656 2453 760 2502 huic
778 2471 974 2502 cerream
993 2453 1127 2500 trad-it
1154 2451 1386 2516 Nigidius:
