1653 2797
223 158 316 208 268
502 158 558 207 C.
600 159 861 206 PLINII
899 159 1276 209 SECUNDr

223 267 390 331 pitibus
424 265 602 314 sublatis
639 279 795 315 arent:
833 268 891 315 fic
927 268 1114 315 minime
1149 268 1267 316 colla
1303 278 1505 316 contun—

224 340 349 385 dunt.
377 339 423 385 Si
448 339 564 386 inter
592 341 775 388 arbores
807 341 1009 404 vitesque
1035 357 1212 400 aretur,
1235 339 1408 388 fiscelIis
1431 357 1505 387 ca-

225 412 428 475 pistrari,
459 431 516 460 ne
551 415 803 478 germinum
836 427 988 462 tenera
1026 427 1319 479 praecerpant.
1365 415 1504 460 Secu-

161 517 164 520 <
224 485 411 532 riculam
449 487 671 534 insitivam
706 488 932 551 pendere,
965 505 1050 551 qua
1082 488 1409 535 intercidantur
1436 503 1506 532 ra-

225 558 363 607 dices.
401 561 504 608 Hoc
533 561 714 619 melius,
738 579 871 625 quam
904 563 1108 612 convelli
1137 577 1307 620 aratro,
1340 557 1508 609 bovess-

225 649 312 694 que
344 633 512 682 luctari.
539 637 588 681 In
617 636 785 682 arando
815 635 990 681 versum
1021 637 1197 699 peragi,
1218 629 1510 699 necvstrigare

226 704 275 750 in
299 706 397 752 actu
422 706 613 769 spiritus.
643 707 808 755 Justum
835 707 896 753 est
916 706 1145 769 proscindi
1164 707 1288 755 sulco
1309 708 1515 753 dodran·

228 780 306 826 tali
336 779 538 844 jugerum
564 798 657 826 uno
687 782 757 827 die
775 818 788 839 ,
815 781 965 828 iterari
999 781 1371 846 sesquiiugerum,
1397 781 1427 828 si
1457 780 1509 829 fit

229 851 414 899 facilitas
443 853 552 898 soli:
587 852 618 898 fi
648 853 821 912 minus,
846 853 1076 916 proscindi
1100 853 1338 911 semissem,
1362 852 1510 899 iterari

230 926 360 973 ass'em
381 963 393 983 ,
424 927 603 983 quando
643 928 692 973 &
728 928 986 975 animalium
1027 928 1171 975 labori
1201 941 1356 974 natura
1391 927 1511 989 leges

234 998 397 1044 statuit.
435 999 585 1044 Omne
629 1016 790 1046 arvum
819 1001 946 1047 rectis
975 1000 1130 1058 sulcis,
1165 1017 1275 1047 mox
1307 1002 1356 1047 &
1388 998 1509 1045 obli-

229 1071 331 1131 quis
372 1070 513 1135 subigi
550 1073 693 1119 debet.
739 1076 788 1120 In
824 1074 1014 1121 collibus
1045 1072 1302 1120 transverso
1336 1083 1509 1119 tantum

231 1154 389 1187 monte
426 1155 599 1198 aratur,
633 1142 706 1190 sed
748 1145 890 1191 modo
927 1146 974 1190 in
1011 1145 1267 1207 superiora,
1291 1144 1430 1191 modo
1463 1143 1510 1188 in

231 1213 468 1272 inferiora,
497 1215 715 1263 rostrante
746 1234 950 1265 vomere.
987 1219 1276 1283 Tantumque
1303 1217 1363 1264 est
1386 1216 1511 1262 labo-

233 1288 294 1335 ris
332 1289 507 1335 bomini
527 1326 540 1347 ‚
576 1303 625 1337 ut
652 1291 785 1338 etiam
816 1293 955 1339 boum
986 1292 1090 1339 vice
1120 1291 1338 1356 fungatur.
1376 1291 1510 1337 Certe

235 1360 326 1406 fine
359 1361 449 1408 hoc
490 1363 668 1410 animali
707 1376 935 1411 montanae
975 1377 1124 1428 gentes
1157 1364 1334 1411 sarculis
1368 1379 1509 1410 arant.

237 1436 431 1491 Arator‚
468 1435 548 1481 nifi
581 1436 825 1493 incurvus,
856 1435 1196 1499 praevaricatur.
1232 1436 1336 1483 Inde
1367 1448 1512 1483 trans-

235 1505 372 1552 latum
402 1507 493 1553 hoc
523 1509 691 1555 crimen
721 1510 767 1555 in
799 1509 963 1558 forum.
999 1511 1065 1557 Ibi
1092 1511 1244 1573 itaque
1273 1526 1482 1556 caveatur
1493 1547 1518 1568 ,

234 1578 312 1624 ubi
338 1579 575 1625 inventum
602 1581 677 1627 est.
713 1583 872 1644 Purget
894 1599 1127 1628 vomerem
1149 1581 1330 1628 subinde
1357 1580 1511 1627 stimu-

238 1653 304 1697 lus
327 1651 575 1713 cuspidatus
599 1652 727 1699 rano.
759 1654 946 1700 Scamna
973 1655 1088 1700 inter
1109 1655 1222 1701 duos
1239 1653 1380 1700 fulcos
1408 1670 1515 1699 cru-¹

238 1724 291 1769 da
314 1740 368 1769 ne
397 1724 704 1787 relinquantur
723 1761 736 1782 ‚
767 1725 908 1788 glebae
924 1742 978 1772 ne
1009 1725 1248 1773 exsultent*
1274 1725 1393 1771 Male
1413 1743 1511 1771 ara-

238 1809 310 1842 tur
337 1813 495 1842 arvum
514 1832 527 1852 ‚
556 1798 682 1859 quod
710 1796 809 1843 satis
838 1797 1038 1860 frugibus
1068 1799 1316 1844 occandum
1347 1796 1421 1842 est.
1461 1798 1510 1844 Id

239 1868 415 1912 demum
449 1867 564 1912 recte
599 1865 824 1912 subactum
859 1867 972 1924 erit,
1001 1866 1080 1912 ubi
1112 1883 1205 1912 non
1241 1866 1510 1928 intelligetur

238 1952 343 1985 utro
371 1955 533 1985 vomer
567 1938 680 1985 ierit.
721 1941 770 1985 In
806 1939 883 1985 usu
910 1938 970 1985 est
999 1941 1049 1986 ὃ(
1080 1939 1275 1986 collicias
1309 1939 1509 2001 interpo-

239 2026 374 2066 nere,
402 2009 432 2055 fi
459 2010 519 2054 ita
546 2008 674 2055 locus
703 2008 875 2071 poscat,
903 2011 1121 2073 ampliore
1149 2010 1269 2056 sulco
1284 2045 1301 2067 ,
1327 2026 1427 2073 quae
1461 2011 1509 2056 in

238 2081 371 2127 foffas
402 2099 558 2144 aquam
593 2082 798 2128 educant.

309 2170 348 2215 3.
396 2156 610 2201 Aratione
653 2173 733 2218 per
772 2156 1071 2204 transversum
1115 2156 1297 2213 iterata,
1327 2155 1514 2202 occatio

241 2228 467 2290 sequitur,
496 2229 574 2274 ubi
603 2246 671 2276 res
699 2230 870 2292 poscit,
899 2244 1018 2276 crate
1041 2229 1116 2275 vel
1141 2228 1306 2275 rastro:
1336 2231 1385 2276 &
1415 2228 1507 2274 sato

242 2303 406 2348 semine
435 2302 627 2348 iteratio,
663 2303 770 2348 Haec
799 2319 983 2365 quoque
1014 2301 1092 2347 ubi
1122 2299 1398 2347 consuetudo
1427 2315 1507 2360 pa—

241 2377 382 2433 titur,
425 2387 542 2422 crate
579 2375 781 2432 dentata,
816 2376 892 2423 vel
931 2375 1079 2421 tabula
1121 2387 1264 2422 aratro
1308 2373 1506 2429 adnexa,

241 2449 368 2511 quod
391 2459 562 2497 vocant
589 2448 745 2507 lirare,
773 2449 1005 2512 operiente
1039 2448 1232 2496 semina:
1271 2447 1388 2494 unde
1421 2446 1511 2510 pri-
