1653 2797
223 177 315 234 54
507 170 563 216 (3.
598 148 1283 220 pmNtrksscounr

220 279 355 326 Horti
389 278 583 325 maxime
615 277 886 341 placebant,
921 279 1024 343 quia
1051 289 1146 326 no'n
1175 285 1353 346 egerent
1383 281 1500 346 igni,

218 350 541 416 farcerentque
577 351 731 416 ligno,
768 353 974 420 expedita
1015 372 1082 401 res
1121 357 1170 403 &
1201 354 1357 425 parata
1387 357 1500 404 sem-

215 444 320 490 per:
352 426 471 496 unde
502 427 551 473 &
582 425 768 472 acetaria
801 425 1106 488 appellantur,
1138 420 1302 475 facilia
1322 446 1498 477 conco-—

216 500 319 564 (vui,
349 492 431 547 nec
461 511 701 545 oneratura
741 497 909 544 sensum
943 500 1075 558 cibo,
1106 503 1155 548 &
1181 519 1280 565 quae
1307 503 1499 554 minime

217 537 514 619 accenderent
544 569 806 616 desiderium
826 570 967 632 panis.
1003 537 1105 618 Pais
1128 590 1287 620 eorum
1314 574 1366 620 ad
1388 587 1500 621 con'⁶

216 646 412 692 ‹limenta
442 644 669 707 pertinens
696 644 859 690 fatetur
888 645 1012 690 domi
1043 647 1269 694 versuram
1300 647 1394 695 fieri
1422 648 1499 695 so·

216 718 364 766 litam:
400 734 531 781 atque
561 734 657 763 non
688 717 889 764 Indicum
923 718 1050 780 piper
1074 721 1332 782 quaesitum,
1357 713 1498 786 vquae-

212 806 299 854 que
325 801 444 837 trans
464 789 599 835 maria
629 789 833 851 petimus.
858 789 953 837 Jam
975 791 1021 836 in
1046 790 1245 839 fenestris
1267 793 1352 840 suis
1368 794 1494 856 plebs

212 865 383 911 urbana
408 865 453 908 in
473 863 666 926 imagine
690 863 932 910 hortorum
957 864 1220 928 quotidiana
1250 867 1394 913 oculis
1412 884 1492 912 ru-

208 954 257 983 ra
274 935 561 999 praebebant,
587 949 825 998 antequam
855 935 1024 1001 praefigi
1045 934 1304 1000 prospectus
1331 955 1490 986 omnes

211 1008 365 1072 coegit
392 1007 688 1054 multitudinis
717 1007 1008 1055 innumeratae
1040 1009 1157 1056 saeva
1185 1010 1491 1058 latrocinatiO.

209 1081 520 1141 Quamobrem
556 1080 607 1126 fit
636 1080 795 1145 aliquis
816 1084 865 1130 ὅ(
894 1082 963 1128 his
991 1082 1166 1140 honos,
1193 1098 1309 1131 neve
1333 1085 1489 1143 aufto-

208 1154 383 1201 ritatem
403 1154 535 1200 rebus
555 1153 709 1200 vilitas
739 1155 929 1213 adimat,
956 1171 1056 1202 cum
1081 1156 1324 1218 praesertim
1359 1159 1489 1205 etiam

208 1226 484 1289 cognomina
513 1243 754 1290 procerum
779 1227 882 1274 inde
910 1240 1012 1275 nata
1042 1229 1298 1277 videamus:
1324 1232 1486 1278 Laetu-

209 1300 425 1363 cinosque
446 1300 492 1345 in
513 1300 693 1346 Valeria
715 1300 884 1347 familia
913 1316 1008 1347 non
1028 1302 1228 1364 puduiffe
1247 1297 1487 1366 appellari:

206 1377 256 1422 &
288 1375 522 1437 contingat
554 1373 702 1438 aliqua
729 1375 867 1438 gratia
897 1391 1048 1438 operae
1067 1392 1274 1437 curaeque
1295 1375 1485 1436 nostrae,

206 1448 403 1511 Virgilio
438 1463 623 1511 quoque
656 1448 882 1506 confesso,
912 1466 1045 1512 quam
1081 1449 1132 1495 sit
1166 1441 1348 1497 difficile
1378 1467 1487 1499 ver-

204 1521 372 1566 borum
401 1520 624 1565 honorem
659 1531 750 1566 tam
780 1520 931 1582 parvis
966 1521 1214 1583 perhibere.

268 1592 375 1639 XX.
404 1592 576 1637 Hortos
610 1591 733 1638 villae
763 1591 1014 1654 jungendos
1048 1610 1143 1639 non
1179 1588 1239 1639 est
1267 1593 1447 1640 dubium
1468 1631 1482 1654 ‚

202 1665 445 1730 riguosque
479 1664 672 1712 maxime
705 1665 934 1712 habendos
955 1702 969 1724 ,
1007 1666 1037 1711 fi
1068 1667 1331 1730 contingat,
1365 1685 1481 1730 prae-

200 1738 297 1783 fluo
317 1753 445 1782 amne
464 1754 474 1782 :
496 1737 527 1781 fi
551 1736 723 1794 minus,
742 1752 765 1781 e
783 1747 919 1798 puteo
940 1749 1039 1781 rota
1053 1772 1066 1792 ,
1083 1736 1320 1800 organisve
1341 1755 1479 1800 pneu-

201 1810 374 1857 maticis
394 1846 407 1867 ‚
440 1810 513 1855 vel
548 1809 833 1855 tollenonum
874 1808 1030 1855 haustu
1063 1809 1287 1872 rigandos.
1324 1811 1479 1857 Solum

202 1883 581 1948 proscindendum
613 1899 637 1928 a
669 1881 904 1928 Favonio:
940 1881 986 1927 in
1018 1890 1280 1931 autumnum
1309 1894 1479 1947 praepa-

200 1957 389 2003 randum
419 1955 480 2001 est
512 1955 611 2018 post
629 1969 723 2000 XIV
751 1955 841 2001 dies
856 1992 873 2014 a
892 1955 1232 2020 iterandumque
1251 1971 1352 2005 ante
1369 1959 1478 2005 bru—

200 2048 333 2077 mam.
369 2031 489 2076 Ono
522 2028 724 2092 jugerum
753 2029 901 2092 operis
930 2030 1069 2093 palari
1095 2030 1258 2092 justum
1292 2031 1383 2090 est,
1420 2030 1477 2078 fi—

199 2121 322 2150 mum
358 2115 445 2148 tres
479 2102 609 2164 pedes
639 2103 724 2148 alte
759 2121 859 2149 cum
885 2116 995 2150 terra
1024 2102 1221 2161 misceri,
1259 2103 1368 2150 areis
1404 2104 1476 2150 di-

201 2175 394 2239 stingui,
425 2174 582 2238 easque
607 2174 821 2237 resupinis
851 2174 1149 2238 pulvinorum
1169 2175 1309 2233 toris,
1334 2173 1474 2222 ambi-

199 2249 239 2295 ri
268 2246 454 2311 singulas
474 2247 697 2293 tramitum
726 2247 854 2294 sulcis
871 2285 882 2304 ,
913 2265 998 2310 qua
1025 2247 1152 2293 detur
1171 2248 1363 2295 accefl'us'
1391 2248 1473 2294 ho-

201 2319 313 2366 mini
330 2357 344 2378 ‚
378 2319 672 2382 scatebrisque
696 2321 913 2367 (lec-urstis.

265 2394 390 2439 XXI.
412 2395 456 2439 ln
493 2392 632 2438 hortis
658 2393 927 2439 nascentium
963 2392 1042 2439 alia
1064 2393 1221 2439 bulbo‘
1241 2409 1466 2439 commen-

201 2463 387 2522 dantur,
418 2463 501 2510 alia
521 2464 659 2527 capite
672 2501 686 2522 2
706 2465 790 2511 alia
811 2465 959 2525 caule,
977 2465 1060 2511 alia
1076 2464 1190 2512 folic
1203 2501 1218 2525 ,
1238 2464 1318 2510 alia
1339 2476 1465 2510 utro*
