1653 2797
270 167 336 228 48
531 169 880 217 C.PL1N11
929 171 1303 221 sacuNm

273 276 351 324 do.
383 277 559 323 Notum
587 277 682 335 est,
716 276 991 342 magistratus
1024 279 1214 327 honoris
1255 281 1382 344 ejus,
1414 283 1548 330 oflo-

271 349 397 415 genis
424 349 629 396 sestertiis
649 350 904 415 strigmenta
924 352 1015 398 olei
1035 353 1294 400 vendidisse.
1313 353 1440 400 Oleae
1458 356 1548 402 ho·-

234 446 237 450 ·
269 439 433 468 norem
468 424 674 470 Romana
707 423 908 486 majestas
947 443 1156 489 magnum
1193 428 1413 490 praebuit,
1448 440 1547 475 tur-

269 510 363 540 mas
388 495 587 558 equitum
616 495 764 542 Idibus
793 496 919 544 Juliis
950 513 1006 542 ex
1035 515 1086 544 ea
1112 500 1404 547 coronando:
1439 501 1546 548 item

267 565 521 614 minoribus
573 567 808 630 triumphis
863 581 1068 616 ovantes.
1125 572 1312 618 Athenae
1362 590 1547 637 quoque

267 639 466 688 vistores
523 642 625 689 olea
676 654 903 689 coronant
920 678 934 702 ‚
984 644 1138 691 Graeci
1188 662 1303 693 vero
1349 646 1546 693 oleastro

265 712 514 778 Olympiae.

330 788 407 834 VI.
438 790 573 835 Nunc
603 788 807 835 dicentur
835 789 1024 836 Catonis
1047 789 1212 852 placita
1239 791 1293 838 de
1321 791 1473 839 olivis.
1494 794 1545 839 In

265 858 415 906 calido
453 862 502 907 &
534 860 692 923 pingui
731 858 830 905 solo
860 861 1032 907 radium
1061 860 1287 923 majorem
1305 898 1320 920 ‚
1351 863 1551 927 Salentif

262 950 366 978 nam
378 968 392 990 ‚
408 931 629 978 orchitem
643 967 656 989 ‚
673 931 868 994 paufiam
878 968 891 990 ‚
906 932 1156 996 Sergianam
1170 970 1183 992 ,
1197 934 1516 982 Co'minianam
1525 971 1544 993 ,

262 1004 500 1050 albiceram
533 1003 616 1050 seri
645 1002 795 1067 jubet:
829 1001 1071 1068 adjicitque
1101 1005 1310 1070 fingulari
1341 1008 1543 1071 pruden-

260 1078 323 1122 tia
342 1111 355 1133 ‚
387 1093 520 1138 quam
560 1093 712 1122 earum
749 1076 797 1122 in
827 1075 1029 1124 finitimis
1059 1078 1173 1126 locis
1205 1079 1424 1142 optimam
1458 1081 1543 1128 esse

259 1149 424 1196 dicant.
455 1152 506 1195 In
532 1149 700 1213 frigido
728 1160 875 1195 autem
904 1152 954 1202 ὅ(
972 1168 1153 1208 macro,
1172 1151 1406 1198 Liciniam.
1433 1153 1541 1199 Pin-

258 1220 336 1283 gui
369 1221 490 1267 enim
522 1232 598 1267 aut
626 1219 824 1267 ferventi
859 1221 1013 1268 vitiari
1047 1221 1141 1284 ejus
1183 1222 1365 1282 oleum,
1400 1225 1548 1291 arbo-f-

257 1311 442 1358 remque
478 1295 617 1358 ipsam
653 1294 880 1342 fertilitate
916 1297 1152 1344 consumi:
1189 1296 1344 1345 musco
1375 1310 1544 1365 praetef

255 1382 332 1412 rea
358 1368 497 1413 rubro
532 1365 742 1413 infestari.
772 1369 978 1430 Spe6tare
1007 1368 1181 1416 oliveta
1215 1368 1261 1415 in
1282 1371 1541 1420 Favonium

256 1438 367 1487 loco
399 1440 603 1503 expofito
621 1440 799 1486 Solibus
819 1440 993 1488 censet:
1032 1459 1116 1489 nec
1150 1442 1240 1489 alio
1273 1443 1369 1489 ullo
1396 1446 1540 1491 modo

254 1511 418 1560 laudat.
439 1513 592 1560 Condi
617 1513 763 1561 olivas
784 1515 982 1577 optime,
1021 1516 1221 1562 orchites
1236 1553 1250 1574 ‚
1275 1518 1327 1564 &
1343 1510 1545 1580 paufiasg

256 1587 334 1634 vel
352 1587 520 1634 virides
536 1587 581 1633 in
599 1587 744 1633 muria
763 1623 777 1646 ,
798 1587 875 1634 vel
893 1587 1048 1634 frafilas
1068 1588 1114 1634 in
1145 1588 1347 1637 lentisco.
1369 1589 1538 1638 Oleum

253 1677 388 1724 quam
405 1660 681 1707 acerbiffima
698 1660 826 1708 oliva
841 1662 1064 1724 optimum
1080 1660 1190 1708 fieri.
1202 1664 1368 1709 Cetero
1384 1680 1539 1727 quam-

253 1736 447 1799 primum
472 1753 496 1783 e
519 1748 636 1782 terra
665 1734 996 1799 colligendam:
1027 1735 1058 1781 fi
1086 1735 1318 1800 inquinata
1351 1737 1402 1784 fit
1421 1773 1435 1795 ‚
1468 1737 1535 1783 la·-

253 1811 472 1858 vandam:
501 1810 658 1858 siccari
690 1810 845 1856 triduo
880 1808 979 1856 satis
1001 1810 1100 1856 effe.
1134 1810 1179 1856 Si
1214 1809 1362 1874 gelent
1389 1810 1535 1874 frigo-

252 1899 329 1941 ra,
361 1895 524 1948 quarto
554 1884 625 1931 die
653 1883 969 1947 premendam:
1002 1883 1118 1929 hanc
1149 1883 1199 1930 &
1235 1881 1318 1930 sale
1345 1881 1532 1946 aspergi.

253 1956 421 2002 Oleum
453 1957 499 2002 in
519 1956 720 2003 tabulato
749 1956 922 2014 minui,
955 1954 1233 2018 deteriusque
1262 1953 1393 2001 fieri:
1426 1955 1534 2004 item

252 2029 304 2076 &
334 2028 379 2074 in
403 2046 610 2087 amurca,
639 2031 690 2077 &
721 2028 944 2086 fracibus:
968 2028 1037 2073 hae
1067 2026 1167 2073 sunt
1185 2042 1365 2086 carnes,
1394 2029 1446 2074 &
1467 2028 1535 2073 in-

252 2101 306 2146 de
337 2100 484 2147 faeces.
524 2102 677 2160 Quare
715 2098 870 2162 saepius
903 2098 974 2145 die
1007 2097 1330 2160 capulandum:
1367 2110 1530 2161 praete-

253 2191 326 2221 rea
356 2175 403 2220 in
427 2175 621 2221 conchas
642 2209 656 2231 ‚
691 2175 759 2232 ὃςμ
771 2173 999 2235 plumbeas
1023 2171 1221 2218 cortinas
1243 2189 1253 2217 :
1279 2187 1365 2217 aere
1393 2171 1529 2218 vitia-

253 2247 302 2294 ri.
341 2247 634 2294 Ferventibus
672 2246 826 2294 omnia
857 2262 906 2291 ea
931 2244 1027 2290 fieri
1061 2243 1299 2306 clausisque
1326 2244 1527 2290 torculaw

251 2321 400 2377 ribus,
427 2321 478 2366 &
509 2336 644 2382 quam
669 2318 851 2363 minime
875 2315 1129 2363 ventilatis:
1162 2316 1266 2362 ideo
1296 2330 1381 2362 nec
1408 2315 1525 2377 ligna

250 2393 312 2440 ibi
340 2394 451 2440 caedi
470 2403 710 2454 oportere:
743 2407 829 2453 qua
859 2389 912 2435 de
944 2388 1069 2434 causa
1096 2405 1119 2433 e
1143 2388 1311 2434 nucleis
1334 2386 1538 2450 ipsarum.

250 2467 363 2531 ignis
384 2467 638 2531 aptissimus.
666 2468 722 2513 Et
749 2481 773 2511 e
803 2464 989 2512 cortinis
1010 2463 1054 2509 in
1085 2462 1203 2510 labra
1228 2461 1526 2519 fundendum,
