1653 2797
250 143 311 202 46
507 135 844 185 QPLIN‘II
891 132 1254 184 SECUNm

251 248 551 315 antiquissima
580 245 666 291 fuit
686 264 696 291 :
722 245 882 292 Oleam
905 262 960 291 ne
980 244 1187 308 stringito
1203 280 1216 301 ‚
1234 253 1352 291 neve
1370 240 1533 293 verbe-

253 334 367 368 rato.
418 318 512 378 Qui
555 316 796 363 cautissime
835 329 1000 379 agunt,
1035 315 1251 363 arundine
1289 315 1382 362 levi
1418 316 1534 375 ἰξὶιι,

253 410 338 440 nec
371 389 583 437 adversos
616 389 872 452 percutiunt
899 406 1060 436 ramos.
1098 390 1170 435 Sic
1191 406 1371 453 quoque
1399 389 1531 436 alter-

253 483 359 515 nare
388 464 553 510 fruetus
583 462 759 526 cogitur
789 462 972 508 decuffis
996 463 1281 525 germinibus.
1321 463 1532 509 Nec‘mi-

253 557 369 597 nus,
399 537 431 583 s1
468 536 741 599 &speciemr
772 547 821 581 ut
855 534 1014 580 cadat:
1057 535 1270 581 haerendo
1309 535 1425 581 enim
1460 535 1531 580 uls

252 627 320 662 tra
354 610 480 658 suum
522 622 727 671 tempus,
759 606 991 654 absumunt
1023 608 1309 654 venientibus
1344 607 1532 653 alimen·-

252 698 348 733 tum
367 720 381 743 ⁷
407 684 457 729 &
489 682 689 728 detinent
722 680 888 727 locum.
939 683 1264 742 Argumentum
1293 679 1380 738 est,
1409 678 1532 743 quod

249 758 333 805 nisi
377 768 477 802 ante
521 754 775 801 Favonium
819 753 1047 811 colle&ae,
1080 770 1226 813 novas
1258 754 1378 803 vires
1408 753 1530 801 resu'*

248 841 399 886 munt,
428 830 477 873 &
504 826 727 872 difficilius
758 825 935 870 cadunt.
1421 864 1423 866 ,
1492 884 1496 886 Π

316 904 390 947 IV.
411 899 556 945 Prima
574 914 681 961 ergo
702 897 756 943 ab
776 908 991 942 autumno
1010 893 1259 960 colligitur,
1278 897 1396 946 vitio
1415 913 1530 960 ope—-

249 986 338 1031 rae,
371 989 466 1017 non
501 982 696 1027 naturae‚
736 970 884 1033 pausia
905 1004 919 1028 9
955 969 1027 1016 cui
1067 970 1308 1032 plurimum
1355 971 1530 1017 carnisz

250 1064 361 1094 mox
396 1044 625 1102 orchites,
660 1044 732 1090 cui
768 1042 892 1089 oleiz
938 1042 1038 1105 post
1078 1043 1235 1091 radiusi
1283 1044 1374 1090 Has
1408 1044 1529 1090 enim

248 1119 446 1167 ociffime
477 1128 746 1180 occupatas,
781 1117 882 1179 quia
911 1115 1009 1162 sunt
1044 1117 1320 1176 tenerrimae,
1350 1129 1529 1164 amurca

248 1193 373 1257 cogit
412 1192 629 1239 decidere.
682 1189 968 1237 Differuntur
1002 1205 1115 1236 vero
1152 1190 1284 1237 etiam
1318 1191 1366 1236 in
1403 1193 1527 1237 Mar-

246 1267 359 1314 tium
385 1264 578 1312 mensem
601 1261 776 1310 callosae
792 1298 805 1320 ‚
832 1274 991 1309 contra
1016 1262 1251 1309 humorem
1278 1280 1495 1327 pugnaces
1513 1295 1527 1322 ,

247 1341 309 1387 ob
352 1340 484 1402 idque
526 1336 753 1393 minimae,
790 1334 964 1381 Licinia
986 1370 999 1393 ‚
1037 1335 1283 1395 Cominia‚
1324 1337 1525 1396 Confia,

247 1411 421 1476 Sergia,
450 1427 581 1473 quam
609 1407 761 1455 Sabini
784 1406 948 1470 regiam
975 1420 1148 1454 vocant
1165 1444 1178 1467 ‚
1199 1426 1295 1455 non
1318 1421 1419 1456 ante
1441 1413 1524 1457 Fa·-

243 1482 378 1530 vonii
409 1482 602 1528 afflatum
633 1477 928 1543 nigrescentes
945 1514 958 1537 ‚
985 1479 1077 1526 hoc
1105 1479 1191 1539 est,
1211 1498 1249 1527 a.
1272 1482 1310 1527 d.
1339 1496 1393 1527 vt
1423 1482 1523 1528 Idus

243 1557 369 1603 Febr.
406 1556 538 1601 Tunc
567 1553 832 1600 arbitrantur
862 1570 933 1600 eas
970 1553 1281 1601 maturescere:
1317 1555 1367 1602 &
1401 1573 1523 1619 quo-

243 1627 364 1675 'niam
373 1626 726 1692 probatissimum
746 1643 801 1672 ex
815 1625 868 1673 iis
884 1625 961 1674 fiat
981 1626 1368 1685 oleum,accedere
1386 1629 1519 1677 etiam

241 1701 357 1748 ratio
384 1700 596 1764 pravitati
623 1699 816 1746 videtur.
848 1703 1097 1764 Feruntque
1123 1700 1290 1764 frigore
1312 1700 1518 1749 sterilita-

241 1786 334 1821 tem
354 1772 474 1831 fieri,
494 1773 603 1820 ficut
623 1772 802 1835 copiam
818 1773 1070 1819 maturitate
1093 1792 1102 1820 ε
1133 1791 1234 1821 cum
1263 1773 1315 1819 sit
1337 1773 1410 1820 illa
1429 1775 1518 1821 bo-

239 1846 355 1892 nitas
383 1862 480 1892 non
507 1845 747 1907 temp-oris,
774 1844 846 1891 sed
877 1845 1074 1909 generis,
1106 1846 1227 1892 tarde
1259 1845 1516 1909 putrescen-

239 1914 354 1966 tium
380 1914 425 1964 in
453 1935 691 1965 amurcam.
721 1917 884 1964 Similis
915 1935 1040 1964 error
1069 1918 1301 1970 colle&am
1331 1918 1515 1965 servan-v

237 1986 284 2035 di
301 1990 347 2036 in
367 1990 599 2048 tabulatis,
618 2007 701 2037 nec
720 1990 974 2054 priusquam
990 1990 1112 2037 sudet
1131 1990 1389 2054 premendi:
1412 2007 1515 2038 cum

238 2061 368 2108 omni
392 2079 521 2109 mora
539 2062 690 2109 oleum
710 2063 954 2123 decrescat,
977 2082 1156 2111 amurca
1179 2075 1399 2127 augeatur.
1425 2067 1516 2113 Ita-

238 2152 326 2199 que
345 2135 488 2199 vulgo
518 2152 613 2181 non
633 2135 819 2199 amplius
838 2136 958 2183 senas
985 2136 1117 2183 libras
1142 2136 1320 2200 singulis
1349 2136 1514 2184 modiis

237 2207 431 2272 exprimi
465 2206 629 2255 dicunt.
687 2211 894 2256 Amurcae
934 2210 1179 2256 mensuram
1220 2227 1354 2258 nemo
1386 2212 1510 2275 agit,

239 2293 411 2344 quanto
443 2297 494 2327 ea
526 2280 755 2343 copiosior
798 2281 1039 2344 reperiatur
1075 2281 1121 2327 in
1158 2281 1317 2329 eodem
1352 2298 1510 2346 genere

239 2351 395 2401 diebus
423 2350 610 2416 adjectis.

307 2425 512 2473 Omnino
533 2425 580 2472 in
602 2424 698 2475 vita
724 2440 848 2472 error
875 2425 935 2473 est
956 2426 1189 2489 publicus,
1212 2439 1389 2476 tumore
1418 2425 1507 2474 oli-
