1653 2797
243 163 310 221 '54
505 150 1287 199 C.PL1N118ECUND1

237 259 463 317 ⁴morum,
485 276 584 322 quae
609 257 770 308 faciem
795 258 992 321 parentis
1016 257 1288 322 succumque
1311 259 1533 325 'adoptio-¹

250 333 320 379 nis
346 330 590 388 exhibent,
615 329 833 393 appellata
867 331 922 377 ab
952 342 1150 394 utroque
1177 328 1444 392 nucipruna.
1476 336 1534 383 Et

250 408 346 453 haec
367 416 514 452 autern
531 441 547 461 ,
570 405 620 451 &
640 404 811 451 Persica
827 441 841 462 ‚
869 407 919 453 ὃς
939 405 1088 452 cerina
1102 440 1115 461 ‚
1142 421 1192 450 ac
1220 404 1435 452 silvestria
1450 419 1536 464 ‚ut

252 495 358 524 uvae
377 513 394 534 ,
430 476 551 524 cadis
580 478 766 524 condita
785 513 799 535 ‚
826 477 964 539 usque
985 477 1039 522 ad
1070 477 1155 524 alia
1185 476 1408 525 nascentia
1428 488 1537 526 aeta-

251 565 344 599 tem
368 551 449 605 ,fibi
476 552 755 615 prorogant}
782 551 1064 615 reliquorum
1086 551 1309 597 velocitas
1337 552 1430 599 cito
1449 553 1539 598 mi-

253 625 517 679 tescentium
536 624 796 673 transvolat.
820 627 977 688 Nuper
1009 624 1056 673 in
1077 626 1240 672 Baetica
1267 626 1430 673 malina
1457 644 1540 689 ap·-

255 697 414 761 pellari
445 709 684 760 coeperunt
714 698 841 744 malis
871 697 1027 756 infita,
1065 699 1115 744 &
1138 697 1224 748 alia
1257 697 1542 762 amygdalina

257 771 517 835 amygdalis.
557 770 640 818 His
679 769 799 815 intus
831 770 877 816 in
910 770 1036 832 ligno
1068 769 1256 815 nucleus
1291 770 1543 834 amygdalae

258 843 347 893 est:
381 861 466 891 nec
496 844 616 890 aliud
646 859 836 904 pomum
866 843 1138 906 ingeniosius
1163 845 1439 907 geminatum
1465 845 1543 895 est.

259 918 310 963 In
350 915 597 979 peregrinis
630 915 864 964 arboribus
905 915 1019 962 di&a
1055 915 1157 963 sunt
1183 916 1487 976 Damascena,
1520 936 1547 966 a

260 989 404 1052 Syriae
423 987 650 1035 Damasco
679 989 1000 1051 cognominata
1017 1025 1030 1045 ,
1048 988 1135 1050 jam
1162 989 1334 1051 pridem
1353 990 1399 1036 in
1421 990 1547 1040 Italia

262 1061 486 1111 nascentia
502 1099 518 1119 ,
550 1062 790 1125 grandiore
804 1079 1063 1125 quanquam
1086 1062 1211 1125 ligno
1231 1098 1245 1120 ,
1275 1065 1325 1110 ὃς
1353 1063 1547 1112 exiliore

264 1153 422 1194 carne,
456 1153 540 1183 nec
568 1152 764 1199 unquam
794 1134 841 1180 in
869 1152 1000 1200 rugas
1017 1135 1201 1193 flecma,
1223 1137 1437 1200 quoniam
1458 1138 1548 1184 So·-

263 1210 327 1256 les
352 1207 418 1256 sui
449 1207 620 1254 desunt.
646 1206 787 1253 Simul
809 1206 897 1253 dici
926 1207 1108 1270 ploffunt
1127 1207 1370 1269 populares
1387 1224 1549 1257 eorum

264 1298 442 1345 myxae,
459 1298 559 1344 quae
578 1282 627 1328 &
642 1278 745 1343 ipsae
764 1296 887 1325 nunc
906 1292 1148 1343 coeperunt
1166 1275 1462 1329 Romaenasci
1479 1281 1550 1328 in-

265 1356 356 1407 fitae
382 1355 538 1402 sorbis.

334 1430 455 1477 XIII.
483 1431 533 1475 In
565 1440 712 1475 totum
747 1428 928 1490 quidem
959 1429 1128 1476 Perfica
1158 1428 1391 1492 peregrina
1417 1430 1552 1480 etiam

267 1501 383 1548 Afiae
401 1500 684 1563 Graeciaeque
706 1501 789 1548 effe
803 1538 816 1559 ‚
841 1519 895 1548 ex
922 1504 1109 1549 nomine
1138 1503 1236 1566 ipso
1256 1516 1464 1566 apparet,
1482 1515 1551 1553 at·-

267 1591 356 1636 que
385 1591 441 1621 ex
473 1573 645 1622 Perside
672 1575 870 1623 adveOca.
910 1577 997 1622 Sed
1028 1593 1173 1639 pruna
1203 1567 1418 1629 silvestria
1446 1577 1552 1624 ubi-

269 1663 356 1709 que
381 1646 499 1693 nasci
526 1659 697 1693 certum
720 1646 796 1693 est.
827 1648 937 1707 Quo
958 1648 1096 1711 magis
1121 1647 1264 1694 miror
1281 1685 1294 1705 ,
1315 1647 1444 1709 hujus
1463 1664 1553 1711 po·-

270 1720 334 1766 mi
361 1720 643 1766 mentionem
671 1737 696 1766 a
728 1721 906 1766 Catone
933 1737 1029 1767 non
1056 1721 1251 1767 habitam
1269 1756 1283 1778 ,
1310 1719 1554 1782 pi‘aesertim

271 1811 374 1841 cum
405 1793 640 1843 condenda
675 1793 998 1860 demonstraret
1025 1794 1227 1857 quaedam
1255 1795 1304 1841 &
1326 1793 1553 1841 silvestria.

272 1870 389 1915 Nam
410 1869 594 1916 Perficae
612 1869 795 1915 arbores
816 1867 913 1916 sero
925 1904 938 1926 ‚
957 1871 1006 1916 &
1024 1885 1126 1914 cum
1143 1868 1404 1917 difficultate
1424 1880 1558 1913 trans-

273 1942 363 1988 iere
385 1979 399 2000 ,
428 1955 480 1990 ut
516 1961 616 2005 quae
653 1944 700 1989 in
733 1942 905 1989 Rhodo
938 1941 1052 1987 nihil
1089 1940 1258 1998 ferant,
1298 1940 1425 2004 quod
1460 1940 1556 2002 pri-

274 2032 399 2061 mum
420 2016 475 2062 ab
500 2018 704 2080 AEgypto
739 2032 890 2061 earum
919 2014 1064 2061 fuerat
1093 2015 1351 2077 hospitium.
1383 2014 1566 2063 Falsum·

276 2086 363 2145 est,
384 2100 606 2134 venenata
636 2105 738 2137 cum
765 2088 965 2137 cruciatu
980 2089 1028 2134 in
1048 2087 1184 2136 Persis
1204 2087 1354 2150 gigni,
1383 2088 1432 2135 &
1452 2100 1560 2149 poe=

277 2178 437 2208 narum
463 2161 590 2209 causa
618 2179 643 2207 a
671 2161 848 2224 regibus
872 2162 1081 2208 translata
1105 2162 1152 2207 in
1172 2162 1447 2224 AEgyptum,
1465 2170 1561 2206 ter-2

277 2252 327 2285 ra
364 2235 579 2300 mitigata.
612 2236 659 2283 Id
693 2235 814 2283 enim
851 2236 905 2281 de
939 2234 1092 2282 Persea
1127 2234 1435 2298 diligentiores
1465 2245 1559 2279 tra—

279 2308 391 2355 dunt
411 2345 427 2367 ,
459 2326 558 2372 quae
592 2308 639 2356 in
670 2319 821 2355 totum
862 2309 948 2355 alia
978 2308 1040 2355 est
1059 2344 1074 2366 ,
1106 2308 1261 2373 myxis
1292 2306 1560 2354 rubentibus

280 2380 457 2440 fimilis,
478 2399 561 2429 nec
586 2393 713 2429 extra
730 2383 966 2429 Orientem
987 2381 1103 2430 nasci
1124 2382 1290 2428 voluit.
1310 2383 1416 2428 Eam
1439 2395 1561 2442 quo-

281 2471 369 2521 que
397 2454 663 2505 eruditiores
688 2471 968 2524 negaverunt
989 2473 1045 2505 ex,
1065 2456 1236 2506 Perside
1255 2464 1441 2523 propter
1455 2451 1562 2517 sup-
