1653 2797
187 111 189 113 ’
234 135 512 184 NATUR.
547 117 1221 189 HisToR.L113.‘Xvi1.
1311 155 1399 205 ω)

121 245 327 292 omnium
362 243 438 293 est.
487 243 734 307 lmpefigo,
769 246 820 292 ὃς
859 263 960 308 quae
1005 246 1181 296 adnasci
1221 249 1398 307 solent,

120 318 344 377 cochleae,
364 315 602 381 peculiaria
622 315 810 362 ficorum
832 330 964 364 vitia
991 337 1071 367 nec
1087 322 1279 388 ubique
1297 323 1400 372 sunt

118 390 208 437 eni1
213 409 241 437 1
263 391 466 454 quaedam
499 387 780 451 aegritudines
814 390 864 436 δέ
887 391 1111 441 locorum.

200 479 238 527 ς.
269 464 438 508 Verum
473 470 522 505 ut
555 459 731 506 homini
766 477 1016 509 nervorum
1054 464 1303 526 crucians,
1342 465 1402 514 fic

117 536 170 584 &
207 535 387 593 arbori,
421 549 472 580 ac
505 533 685 582 duobus
725 551 851 598 aeque
883 537 1045 585 modis.
1083 541 1173 585 Aut
1204 541 1323 588 enim
1354 541 1403 587 in

115 607 280 671 pedes,
308 607 402 652 hoc⁴
430 605 522 664 est,
554 603 750 665 radices,
772 607 977 671 irrumpit
1006 608 1078 657 vis
1111 611 1288 658 morbi:
1323 625 1400 659 aut

115 681 165 727 in
204 678 450 736 articulos,
494 677 583 723 hoc
629 677 724 735 est,
761 680 1044 728 cacuminum
1095 681 1291 746 digitos,
1320 683 1400 748 qui

113 751 367 815 longiffime
393 768 417 797 a
437 761 540 796 toto
563 763 756 812 corpore
775 764 954 799 exeunt.
975 753 1230 801 Inarescunt
1262 771 1398 818 ergo:

115 826 169 872 &
201 823 304 870 sunt
332 822 452 886 apud
487 823 677 868 Graecos
714 821 789 867 sua
825 824 1010 870 nomina
1046 826 1224 889 utrique
1261 827 1397 875 vitio.

116 896 331 960 Undique
359 895 508 958 primo
539 895 702 954 dolor,
734 912 845 942 mox
868 899 916 944 &
937 898 1098 945 macies
1119 917 1271 947 earum
1299 919 1403 964 para

116 969 231 1016 tium
257 967 453 1032 fragilis,
475 966 704 1030 postremo
737 969 890 1028 tabe5‚
924 960 1132 1035 moi-sque
1152 1008 1168 1029 ,
1204 989 1298 1019 non
1331 974 1403 1020 in-

117 1055 263 1092 trante
296 1043 462 1100 succo,
499 1056 574 1088 aut
606 1059 702 1089 non
746 1059 992 1105 perven1e1
997 1058 1074 1093 te
1118 1048 1402 1112 maximeque

115 1119 163 1166 id
200 1117 275 1165 fici
302 1115 513 1163 sentiunt.
550 1115 798 1179 Caprificus
831 1120 1041 1167 omnibus
1070 1121 1281 1170 immunis
1311 1124 1401 1182 est,

114 1209 217 1256 quae
246 1191 392 1238 adhuc
419 1189 624 1236 diximus.
653 1189 830 1236 Scabies
859 1190 1054 1255 gignitur
1085 1195 1262 1243 roribus
1301 1196 1402 1243 len-
1448 1205 1454 1210 ’

115 1265 171 1311 tis
196 1262 298 1327 post
325 1260 559 1324 Vergilias.
599 1262 715 1307 Nam
744 1261 775 1307 fi
808 1263 1000 1311 rariores
1032 1265 1178 1325 fuere,
1215 1267 1402 1330 perfun-

115 1336 229 1383 dunt
251 1334 482 1390 arborem,
513 1349 608 1378 non
637 1332 843 1396 scalpunt
875 1334 1032 1383 scabie.
1069 1340 1125 1384 Et
1156 1340 1291 1402 groffi
1324 1356 1400 1388 ca-

114 1411 229 1457 dunt
248 1445 262 1467 ‚
290 1408 322 1454 fi
349 1406 426 1454 vel
445 1406 608 1452 imbres
637 1406 765 1452 nimii
794 1406 930 1455 fuere.
968 1409 1076 1456 Alio
1112 1413 1254 1459 modo
1286 1412 1399 1461 ficus

115 1482 292 1529 laborat
315 1479 538 1527 radicibus
568 1478 768 1525 madidis.

179 1555 223 1602 6.
254 1553 433 1600 Vitibus
459 1563 619 1615 praeter
647 1551 1069 1600 vermiculationem
1093 1556 1142 1604 &
1169 1555 1396 1604 sideratio·

114 1647 219 1677 nem
247 1627 432 1675 morbus
459 1624 695 1688 peculiaris
722 1625 1007 1683 articulatio,
1034 1627 1175 1674 tribus
1208 1629 1263 1675 de
1293 1646 1399 1676 cau-

113 1702 200 1749 fis:
234 1717 352 1757 una,
374 1697 423 1744 vi
452 1696 762 1780 tempestatum
796 1697 1067 1761 germinibus
1100 1698 1290 1745 ablatis.
1330 1701 1397 1746 al·

114 1785 233 1830 tera,
253 1784 305 1819 ut
333 1771 514 1818 notavit
533 1771 959 1833 Theophrast115‚in
984 1769 1195 1833 supinum
1213 1773 1396 1821 excisis:

114 1846 246 1893 tertia
261 1882 274 1904 ‚
298 1844 483 1892 culturae
511 1843 731 1906 imperitia
756 1842 878 1891 laesis.
907 1843 1080 1889 Omnes
1104 1843 1223 1889 enim
1243 1861 1396 1891 earum

114 1917 293 1980 injuriae
324 1917 372 1962 in
406 1917 600 1963 articulis
635 1915 896 1962 sentiuntur.
939 1915 1229 1964 Siderationis
1259 1934 1426 1980 genus-

114 1992 176 2039 est
197 1992 244 2038 in
267 1990 334 2036 his
362 1988 756 2036 deflorescentibus
770 2023 783 2045 ,
803 1987 973 2033 roratio
993 2005 1003 2033 :
1032 2004 1106 2034 aut
1127 2006 1228 2036 cum
1250 1990 1397 2049 acini,
1463 2022 1466 2026 ι

113 2064 372 2130 priusquam
391 2062 613 2121 crescant,
635 2063 952 2125 decoquuntur
971 2061 1016 2107 in
1040 2062 1212 2109 callum.
1235 2065 1396 2126 AEgro-

113 2151 212 2186 tant
231 2140 280 2186 &
308 2154 408 2185 cum
437 2135 594 2194 alfere,
625 2134 734 2180 laefis
764 2134 945 2180 uredine
971 2134 1247 2180 attonsarum
1280 2152 1394 2182 ocu—

111 2213 182 2261 lis.
227 2213 284 2258 Et
307 2210 457 2257 calore
487 2209 576 2255 hoc
612 2207 765 2254 evenit
792 2207 1109 2270 intempestivo
1136 2223 1147 2253 t
1178 2207 1394 2270 quoniam

115 2288 270 2336 omnia
310 2287 451 2332 modo
496 2283 734 2342 constant,
769 2297 984 2347 certoque
1024 2294 1394 2345 temperamento.

114 2364 248 2411 Fiunt
287 2363 336 2409 ὃς
374 2358 506 2421 culpa
536 2357 652 2405 vites
695 2355 975 2415 colentium,
1016 2372 1117 2403 curn
1161 2354 1394 2418 praestrin-

117 2448 311 2502 guntur,
346 2443 397 2479 ut
433 2425 595 2479 dierum
621 2429 712 2477 est:
750 2444 826 2477 aut
859 2428 1170 2478 circumfossor
1203 2425 1395 2491 injurie?

194 2514 239 2558 C.
261 2512 377 2557 Plin.
405 2512 503 2556 Vol.
529 2509 615 2553 Ill.
832 2505 860 2530 ⁴*
1057 2503 1101 2549 O
