1653 2797
129 152 223 212 '428
396 155 1151 212 C.PLINIISECUND1

130 260 350 322 pruritum
377 265 611 328 corporis,
640 265 688 312 in
724 264 831 314 solia
857 266 1133 319 balinearum
1173 272 1373 323 additum
1390 312 1406 336 ‚

130 345 208 379 aut
237 335 357 396 prius
389 337 533 399 ipsum
557 339 720 386 illitum
752 340 842 388 fine
865 341 985 390 oleo.
1018 344 1182 392 Firmat
1202 347 1253 394 &
1281 364 1409 394 com-

129 406 388 454 manducata
408 409 534 455 radix
551 410 716 458 denteS.
748 413 912 459 Eadem
931 415 1115 462 deco&a
1141 433 1242 464 cum
1262 419 1378 465 vino
1391 456 1406 478 ‚

128 474 236 522 sistit
250 478 432 528 alvum:
456 481 565 529 folia
593 482 791 532 solvunt.
831 484 1011 546 Adiecit
1028 487 1172 534 Solon
1200 488 1280 553 (ne
1299 490 1408 553 quid
1436 482 1450 501 χ

129 547 412 617 omittamus)
447 553 749 618 bulapathon,
784 556 943 605 radicis
971 568 1146 606 tantum
1169 560 1407 609 altitudine

130 619 371 699 differens,
405 627 456 674 δε
490 644 590 692 erga
621 627 929 693 dysentericos
964 630 1154 691 effestu,
1195 649 1318 696 potae
1351 651 1408 681 ex

130 708 256 742 vino.

192 769 464 819 LXXXVII.
493 772 675 836 Sinapi‚
713 772 841 836 cujus
867 773 914 821 in
948 773 1103 827 sativis
1131 774 1215 824 tria
1245 793 1407 840 genera

128 837 351 902 diximus,
382 845 664 910 Pythagoras
696 846 997 911 principatum
1028 848 1192 896 habere
1223 866 1280 896 ex
1304 850 1406 909 his,

128 929 326 975 quorum
365 916 548 965 sublime
579 920 650 967 vis
680 920 874 979 feratur,
911 921 1160 984 judicavit,
1188 924 1404 986 quoniam

127 1002 222 1032 non
251 989 370 1036 aliud
389 992 524 1056 magis
549 993 595 1038 in
625 1011 750 1040 nares
772 996 822 1042 &
838 995 1070 1042 cerebrum
1090 1007 1307 1058 penetret.
1336 997 1425 1044 Ad=

127 1059 400 1124 serpentium
428 1068 540 1114 istus
569 1070 619 1116 δε
646 1068 940 1132 scorpionum
971 1069 1124 1115 tritum
1147 1087 1247 1117 cum
1274 1082 1406 1119 aceto

126 1131 329 1184 illinitur.
355 1143 615 1205 Fungorum
644 1159 820 1189 venena
845 1142 1037 1189 discutit.
1068 1144 1241 1190 Contra
1264 1143 1406 1206 pitui-

125 1218 215 1254 tam
245 1222 422 1260 tenetur
450 1215 496 1261 in
515 1232 595 1262 ore
611 1253 625 1275 ,
663 1216 809 1263 donec
838 1215 1075 1280 liquescat,
1110 1228 1185 1263 aut
1209 1217 1406 1281 gargar?-

125 1297 250 1331 zatur
268 1304 373 1336 cum
401 1307 515 1354 aqua
539 1291 692 1338 mulsa.
723 1291 792 1338 Ad
815 1291 1016 1337 dentium
1042 1290 1250 1338 dolorem
1275 1308 1404 1338 man-

126 1356 278 1406 ditur:
314 1362 368 1408 ad
399 1380 536 1410 uvam
566 1363 867 1428 gargarizatur
893 1381 995 1411 cum
1025 1375 1154 1411 aceto
1183 1365 1234 1412 &
1258 1364 1405 1412 melle.

126 1429 374 1479 Stomacho
399 1434 677 1482 utiliffimum
697 1448 856 1483 contra
885 1436 1039 1483 omnia
1067 1436 1203 1494 vitia,
1228 1436 1404 1499 pulmo·-

128 1503 359 1568 nibusq'ue.
391 1509 728 1556 Exscreationes
761 1510 913 1563 faciles
946 1509 1052 1558 facit
1072 1510 1119 1556 in
1148 1509 1253 1557 cibo
1284 1509 1405 1556 sum·-

126 1587 246 1624 tum:
282 1579 408 1626 datur
441 1584 491 1628 &
520 1582 778 1644 suspiriofis.
818 1586 927 1629 Item
948 1583 1251 1629 comitialibus
1288 1583 1405 1646 tepi-

126 1648 231 1695 dum
264 1668 365 1698 cum
393 1651 527 1700 succo
560 1669 862 1700 cucumerum.
904 1653 1065 1699 Sensus
1084 1689 1097 1710 ,
1126 1664 1258 1715 atque
1294 1653 1404 1699 ster-

125 1727 396 1774 nutamentis
420 1737 552 1789 caput
568 1739 738 1790 vpurgat
759 1763 774 1783 ‚
803 1726 955 1772 alvum
982 1725 1156 1784 mollit,
1181 1725 1404 1790 menstrua

125 1795 176 1842 &
207 1797 383 1844 urinam
411 1798 509 1846 ciet.
544 1798 822 1863 Hydropicis
861 1798 1108 1861 imponitur
1127 1833 1140 1856 ‚
1177 1814 1279 1844 cum
1311 1795 1404 1844 fico

60 1904 65 1909 ,
124 1869 175 1915 &
208 1870 394 1918 cumino
427 1870 573 1918 tusum
605 1872 743 1929 ternis
769 1871 983 1935 partibus.
1023 1870 1257 1917 Comitiali
1276 1887 1403 1916 mor-

105 1942 220 2001 ‚bo,
258 1945 310 1992 &
340 1945 586 1993 vulvarum
621 1945 922 1993 conversione
965 1944 1198 1991 suffocatas
1237 1944 1403 1991 excitat

125 2014 303 2074 odore,
334 2029 462 2065 aceto
496 2017 667 2064 mixto:
707 2018 815 2064 item
853 2017 1134 2081 lethargicos.
1180 2016 1403 2079 Adjicitur

125 2088 380 2153 tordylion.
414 2089 488 2136 Est
516 2101 661 2137 autem
690 2089 735 2135 id
763 2089 908 2136 semen
929 2107 987 2137 ex
1017 2089 1151 2137 seseli.
1179 2092 1234 2136 Et
1261 2089 1292 2136 fi
1323 2106 1402 2136 ve·

123 2162 377 2209 hementior
396 2163 579 2212 somnus
601 2163 871 2227 lethargicos
889 2177 1083 2228 premat,
1104 2163 1305 2211 cruribus
1326 2152 1401 2211 aut

125 2235 256 2282 etiam
290 2237 424 2300 capiti
456 2238 648 2284 illinitur
680 2255 783 2285 cum
820 2237 911 2285 fico
943 2255 998 2284 ex
1032 2249 1175 2284 aceto.
1219 2240 1401 2285 Veteres

126 2308 307 2356 dolores
329 2311 554 2367 thoracis,
580 2311 864 2369 lumborum,
890 2311 1216 2368 coxendicum,
1245 2310 1399 2357 hume·

124 2398 312 2442 rorum,
349 2386 399 2432 &
434 2384 480 2430 in
513 2401 779 2448 quacunque
815 2396 937 2447 parte
972 2384 1179 2446 corporis
1213 2400 1268 2430 ex
1305 2383 1401 2431 alto

125 2456 237 2505 vitia
269 2458 538 2506 extrahenda
574 2457 703 2519 sunt,
738 2457 900 2506 illitum
933 2458 1123 2507 caustica
1158 2458 1209 2508 vi
1244 2473 1398 2505 emen-
