1653 2797
269 159 478 206 NATU
501 159 552 203 R.
591 156 904 202 H1sToR.
942 157 1063 202 Lm.
1091 155 1206 202 XX.
1294 172 1378 216 34-,1

104 283 191 330 que
209 266 303 328 ejus
321 265 518 312 deco&ae
531 299 545 323 ‚
565 279 733 310 nervos
759 263 1060 327 articulosque
1084 262 1195 309 mire
1217 262 1385 325 juvari,

105 338 151 385 Si
168 338 410 385 foveantur
431 335 644 392 vulnera,
674 336 723 381 ὅ(
752 335 946 380 recentia
966 336 1016 382 &
1035 350 1188 382 vetera
1202 371 1215 393 ‚
1235 335 1384 386 etiam

107 411 407 457 carcinomata
424 444 438 466 ‚
472 425 571 470 quae
596 406 731 454 nullis
752 406 849 452 aliis
883 407 1219 455 medicamentis
1241 407 1385 454 sanari

105 483 297 545 poffint;
322 479 475 527 >foveri
496 479 621 543 prius
655 496 768 544 aqua
797 478 937 525 calida
960 479 1105 541 jubet,
1136 498 1186 528 ac
1216 481 1281 527 bis
1314 480 1388 527 die

105 554 253 600 tritam
282 551 471 615 imponi.
509 551 580 598 Sic
603 552 733 598 etiam
753 549 913 597 fistulas
927 587 941 608 ‚
959 553 1007 599 &
1027 552 1175 599 luxata
1195 589 1207 610 ‚
1229 556 1278 601 δε
1297 554 1395 615 huf

106 643 255 674 mores
281 625 469 673 evocari
489 660 503 682 ,
528 641 717 688 quaeque
740 622 898 670 discuti
923 639 1036 686 opus
1056 625 1122 671 fit.
1162 625 1388 673 Insomnia

105 699 239 745 etiam
253 734 267 757 ‚
287 696 552 761 vigiliasque
570 697 731 745 tollere
752 696 981 744 decoctam
999 732 1014 752 ‚
1044 695 1073 741 fi
1090 694 1231 757 jejuni
1251 697 1387 743 edant

106 770 475 833 quamplurimam
493 785 550 814 ex
569 768 676 815 oleo
691 805 705 828 ‚
720 770 770 815 &
790 767 888 816 sale.
909 768 1154 826 Tormffla,
1176 768 1205 814 fi
1223 770 1386 815 decoc-

107 855 151 889 ta
176 843 336 889 iterum
362 843 672 904 decoquatur,
697 840 852 888 addito
884 839 990 887 oleo
1007 876 1020 898 ‚
1041 838 1148 899 sale,
1167 842 1351 901 cumino
1370 855 1393 901 ,*

111 915 310 979 polenta.
330 915 374 961 Si
394 916 454 961 ita
468 915 664 962 sumatur
682 914 772 961 fine
791 931 919 977 pane,
934 913 1070 976 magis
1089 913 1389 976 profuturam.

107 991 227 1034 Inter
245 987 413 1050 reliqua
431 986 568 1033 bilem
590 986 764 1033 detrahi
785 1003 864 1049 per
883 986 1044 1032 Vinum
1063 986 1241 1049 nigrum
1261 1000 1388 1049 pota.

108 1059 235 1119 Quin
257 1061 306 1107 &
323 1059 497 1106 urinam
518 1057 612 1120 ejus
630 1058 709 1122 qui
725 1058 954 1104 brassicam
976 1057 1200 1103 efitaverit
1216 1093 1230 1115 ,
1253 1058 1388 1104 affer-

108 1130 574 1195 vari‚calefa&tamque
592 1131 745 1177 nervis
763 1130 960 1177 remedio
980 1130 1077 1177 effe.
1093 1129 1239 1177 Verba
1254 1131 1391 1194 ipsius

108 1204 335 1267 subjiciam
352 1241 366 1263 ‚
386 1205 441 1251 ad
461 1204 796 1268 exprimendam
814 1203 1073 1250 sententiam
1091 1222 1100 1250 :
1119 1205 1286 1250 Pueros
1306 1220 1390 1266 pu-

107 1277 228 1324 fillos
249 1277 280 1323 fi
301 1277 425 1323 laves
446 1294 496 1323 ea
513 1277 663 1334 urina,
683 1293 914 1340 nunquam
935 1276 1100 1323 debiles
1115 1274 1224 1322 fieri.
1249 1274 1390 1322 Auri-

108 1350 190 1396 bus
221 1364 405 1412 quoque
439 1364 494 1394 ex
524 1348 638 1394 vino
663 1346 843 1393 succum
870 1346 1062 1393 brassicae
1083 1346 1283 1409 tepidum
1313 1347 1390 1392 in-

109 1421 261 1469 stillari
279 1420 445 1467 suadet.
464 1419 598 1483 quue
619 1420 753 1466 etiam
770 1418 967 1465 tarditati
983 1419 1258 1466 audientium
1279 1435 1391 1481 pro-

109 1496 223 1542 deffe
255 1494 481 1542 asseverat.
521 1494 578 1539 Et
607 1491 886 1558 impetigines
925 1492 1079 1539 eadem
1115 1490 1257 1539 sanari
1294 1491 1390 1537 sine

108 1568 304 1616 hulcere.

189 1642 413 1689 XXXIV.
442 1642 710 1689 Graecorum
738 1656 921 1703 quoque
953 1638 1192 1703 opiniones
1216 1638 1306 1701 jam
1337 1640 1389 1688 &

108 1714 297 1761 Catonis
317 1712 443 1761 causa
462 1713 575 1775 poni
595 1712 838 1769 convenit,
860 1711 907 1756 in
931 1712 983 1758 iis
1006 1712 1258 1769 dumtaxat,
1280 1728 1386 1774 quae

110 1787 186 1834 ille
214 1786 559 1858 praetermiserit.
596 1786 712 1833 Biles
746 1785 974 1831 detrahere
1002 1801 1101 1830 non
1130 1786 1390 1847 perconm·

111 1870 283 1922 putant.
311 1861 418 1905 Item
437 1859 593 1905 alvum
611 1858 812 1917 solvere,
833 1857 1106 1920 eandemque
1127 1857 1197 1903 bis
1213 1858 1390 1905 coslam

112 1931 271 1978 sistere.
301 1931 425 1977 Vino
444 1930 693 1989 adversari,
713 1943 765 1978 ut
792 1929 1020 1976 inimicam
1037 1929 1221 1976 vitibus.
1248 1931 1392 1977 Ante-

113 2004 299 2050 cedente
332 2002 378 2048 in
415 2002 524 2049 cibis
562 2001 712 2049 caveri
745 2001 1034 2060 ebrietatem,
1070 2001 1223 2064 postea
1251 2000 1392 2048 sumta

115 2075 339 2139 crapulam
365 2074 540 2121 discuti.
577 2076 710 2122 Hunc
738 2075 889 2123 cibum
919 2075 969 2121 &
996 2074 1236 2121 oculorum
1259 2075 1390 2122 clari—

71 2197 82 2207 ,
114 2151 194 2198 tati
223 2148 429 2197 conferre
457 2149 647 2195 multum
667 2167 678 2195 ε
703 2149 885 2195 succum
906 2164 1019 2195 vero
1043 2149 1195 2195 crudae
1214 2149 1290 2194 vel
1308 2166 1393 2201 an-

116 2226 228 2289 gulis
258 2236 431 2271 tantum
458 2224 583 2270 tastis
611 2240 715 2270 cum
746 2223 899 2269 Attico
931 2222 1063 2269 melle
1083 2258 1097 2281 ‚
1129 2222 1395 2285 plurimum.'

115 2298 341 2346 Facillime
379 2297 610 2362 concoqui
628 2333 642 2356 ‚
686 2297 883 2361 ciboque
919 2313 976 2343 eo
1013 2295 1158 2343 sensus
1193 2297 1392 2361 purgari.

116 2371 357 2419 Erasistrati
386 2371 534 2418 schola
568 2371 755 2429 clamat,
784 2370 895 2417 nihil
925 2370 1008 2417 effe
1039 2370 1192 2417 utilius
1225 2370 1393 2416 stoma-

118 2447 206 2496 cho
235 2444 474 2510 nervisque
492 2480 508 2505 ‚
532 2444 635 2498 ideo
654 2446 705 2494 &
722 2444 978 2510 paralyticis
1001 2445 1057 2563 δε1
1069 2443 1267 2490 tremulis
1297 2442 1393 2491 dari

990 2518 1023 2564 B
1058 2533 1072 2562 ³
1106 2532 1138 2576 4
