1653 2797
278 127 554 175 NATUR.
591 128 901 176 HlsTOR.
944 132 1070 178 LIB.
1105 135 1251 182 XIX.
1340 152 1431 200 339

147 250 257 281 ram.
289 234 563 282 Liothafium
586 235 768 298 quidam
793 236 1039 286 Thracium
1069 242 1322 304 appellant,
1350 243 1431 290 fri-

133 306 314 372 'gorum
339 308 717 371 patientiffimum.
748 308 819 354 Ab
837 326 893 355 eo
913 313 1171 361 Boeoticum
1193 316 1324 363 dulce
1344 317 1434 376 est,

149 381 426 427 rotunditate
454 378 589 425 etiam
624 377 755 425 brevi
777 379 978 427 notabile
996 418 1010 439 ,
1046 401 1193 448 neque
1215 398 1263 432 ut
1289 386 1432 432 Cleo-

149 469 298 502 ·naeum
323 454 621 518 praelongum.
656 456 705 500 In
735 465 884 500 totum
917 455 1098 519 quidem
1118 495 1131 516 ‚
1155 477 1349 523 quorum
1369 474 1434 509 te-

150 526 258 574 nuia
292 526 428 586 folia,
465 526 545 589 ipfi
583 542 769 590 quoque
811 526 1066 576 dulciores:
1109 548 1303 594 quorum
1337 534 1432 582 sca—-

150 602 260 659 bra,
288 603 338 649 &
366 600 608 665 angulosa,
629 603 678 649 &
703 600 913 660 horrida,
936 604 1194 652 amariores.
1228 607 1301 654 Est
1320 626 1434 670 prae-

148 685 268 721 terea
295 690 436 738 genus
465 673 694 731 silvestre,
723 672 848 738 cujus
874 674 984 722 folia
1009 675 1110 724 sunt
1139 695 1283 726 erucae
1317 681 1434 728 fimi-

148 743 222 794 liar
260 746 413 793 Palma
443 747 607 792 Romae
641 747 934 795 Amiterninis
964 748 1118 809 datur,
1149 751 1252 799 inde
1274 755 1434 800 Nursi-

148 822 248 869 nis:
283 822 415 869 tertia
454 821 737 869 nostratibus.
787 823 947 870 Cetera
986 823 1041 870 de
1071 824 1164 872 satu
1195 843 1355 874 eorum
1385 827 1435 875 in

147 895 268 958 rapis
302 895 415 942 dieta
441 893 557 943 sunt.

213 969 388 1016 XXVI.
420 983 457 1016 1.
488 963 676 1015 Cortice
703 969 754 1015 &
775 965 1036 1032 cartilagine
1053 970 1260 1019 constant
1277 972 1435 1035 rapha-

148 1042 226 1088 ni:
254 1040 491 1105 multisque
521 1058 681 1088 eorum
712 1054 874 1089 cortex
905 1043 1086 1090 craffior
1112 1044 1272 1102 etiam,
1298 1062 1435 1109 quam

148 1113 412 1178 quibusdam
442 1114 670 1163 arborum.
710 1116 976 1162 Amaritudo
1008 1116 1200 1179 plurima
1232 1117 1318 1165 illis
1346 1120 1432 1177 est,

149 1190 199 1236 δέ
216 1205 301 1251 pro
325 1188 606 1236 craffitudine
626 1189 824 1236 corticis.
853 1190 1012 1236 Cetera
1029 1207 1214 1254 quoque
1233 1192 1431 1256 aliquam

149 1261 210 1307 do
229 1260 414 1325 lignosa.
449 1264 504 1307 Et
523 1263 594 1310 vis
623 1262 737 1309 mira
763 1262 1008 1326 colligendi
1037 1263 1259 1326 spiritum,
1278 1265 1432 1313 laxan-

148 1334 287 1398 dique
326 1335 530 1381 Υιιξὶιιιῐιε
568 1334 629 1380 01)
662 1334 710 1380 id
742 1334 868 1382 cibus
910 1334 1168 1394 illiberalis,
1206 1337 1363 1400 utique
1399 1338 1432 1384 fi

149 1407 359 1471 proxime
385 1409 488 1455 olus
517 1408 777 1455 mandatur:
816 1408 848 1456 s1
878 1425 993 1457 vero
1028 1426 1132 1456 cum
1157 1409 1297 1456 olivis
1323 1411 1431 1457 dru-

148 1482 247 1544 pis,
276 1481 421 1528 rarior
452 1482 602 1528 rudus
627 1479 705 1539 fit,
734 1481 968 1545 minusque
987 1481 1183 1528 foetidus.
1223 1483 1431 1546 AEgypto

148 1556 261 1603 mire
298 1556 549 1604 celebratur
574 1565 762 1618 propter
793 1553 883 1600 olei
914 1546 1185 1600 fertilitatem
1206 1591 1222 1611 ‚
1250 1555 1379 1619 quod
1408 1572 1433 1602 e

147 1628 313 1676 semine
338 1627 432 1691 ejus
460 1627 644 1676 faciunt.
676 1627 782 1674 Hoc
813 1627 1009 1674 maxime
1042 1627 1234 1691 cupiunt
1266 1627 1432 1683 serere,

146 1703 181 1749 si
218 1702 375 1749 liceat:
411 1702 631 1767 quoniam
668 1702 718 1748 &
752 1700 943 1764 quaestus
979 1700 1077 1763 plus
1115 1717 1252 1765 quam
1280 1719 1306 1747 a
1339 1701 1433 1748 fru-

148 1786 335 1833 mento,
367 1776 419 1823 &
447 1775 595 1822 minus
617 1773 773 1821 tributi
800 1773 860 1820 est
876 1810 894 1832 ‚
912 1773 1175 1838 nullumque
1204 1774 1433 1837 copiosius

149 1848 319 1895 oleum.
1424 1902 1441 1907 X

220 1940 261 1970 2.
288 1924 469 1969 Genera
497 1920 685 1986 raphani
713 1922 866 1970 Graeci
894 1921 1041 1971 fecere
1072 1921 1182 1982 tria,
1214 1918 1433 1972 foliorum

150 1995 397 2044 differentia
421 2031 436 2054 ,
469 1995 632 2059 crispi,
664 2007 796 2059 atque
814 1994 943 2042 laevis
960 2030 975 2055 ,
1005 1997 1056 2043 &
1084 1996 1263 2043 tertium
1294 1997 1431 2046 silve-

150 2069 248 2117 stre.
280 2071 430 2132 Atque
461 2068 567 2115 huic
601 2068 733 2115 laevia
763 2068 942 2132 quidem
963 2105 977 2128 ,
1014 2069 1087 2116 sed
1128 2069 1343 2118 breviora
1379 2084 1432 2120 ae

150 2142 373 2200 rotunda,
397 2141 695 2206 copiosaque:
716 2153 849 2204 atque
875 2140 1109 2189 fruticosa:
1130 2142 1258 2206 sapor
1281 2155 1429 2192 autem

151 2215 276 2279 asper
295 2251 309 2275 ,
342 2217 392 2264 &
422 2215 736 2263 medicamenti
764 2214 897 2262 instar
924 2216 980 2262 ad
1009 2215 1248 2263 eliciendas
1284 2217 1429 2265 alvos.

151 2293 207 2337 Et
224 2291 271 2336 in
300 2290 525 2353 prioribus
542 2299 691 2336 tamen
710 2287 960 2336 differentia
977 2306 1001 2336 a
1018 2288 1182 2336 semine
1202 2289 1283 2336 est:
1311 2307 1432 2354 quo-

153 2365 274 2411 niam
305 2365 453 2428 aliqua
489 2363 640 2427 pejus,
673 2363 821 2427 aliqua
847 2363 1091 2410 admodum
1118 2363 1329 2428 exiguum
1363 2364 1432 2411 fe-

153 2450 273 2485 runt.
306 2438 416 2487 Haec
444 2436 556 2487 vitia
579 2452 675 2484 non
705 2435 898 2498 cadunt,
932 2435 1013 2483 nifi
1048 2437 1098 2545 i}
1129 2434 1271 2499 crispa
1304 2436 1430 2488 folia·

1134 2516 1158 2545 2
