1653 2797
149 65 177 108 8
383 59 438 106 C.
487 59 747 106 PLINII
794 25 1193 110 SECUNIM*

148 169 308 229 obrem
341 167 649 215 celeberrimas
677 167 871 227 vitium,
896 181 972 217 aut
1000 170 1160 234 quibus
1189 171 1251 218 est
1282 173 1426 239 aliqua

148 242 424 306 proprietate
452 241 720 289 miraculum
735 277 750 300 ,
773 241 1015 307 ostendisse
1037 243 1135 291 satis
1170 245 1268 293 erit.

221 333 257 362 1.
294 313 574 377 principatus
603 314 731 361 datur
757 316 1003 363 Ammineis
1035 330 1223 382 propter
1243 318 1435 370 firmita-.

147 400 268 445 tem,
293 387 507 451 senioque
534 387 847 451 proficientem
866 390 965 436 vini
985 389 1078 453 ejus
1102 392 1257 455 utique
1275 392 1430 440 vitam.

149 460 368 524 Quinque
388 477 541 507 earum
565 478 726 524 genera
746 480 757 508 ε
789 479 844 509 ex
864 462 917 509 iis
947 479 1151 526 germana
1171 465 1322 512 minor
1342 466 1431 513 aci-

149 550 236 591 no,
256 532 415 580 melius
435 533 709 592 deflorescit,
732 534 895 580 imbres
926 535 1292 601 tempestatesque
1317 539 1429 584 tolc-

148 618 245 654 rat:
268 622 365 652 non
383 607 490 656 item
510 606 655 670 major
670 637 689 666 ,-
706 606 841 653 sedin
861 608 1048 667 arbore,
1069 627 1201 673 quam
1221 610 1267 656 in
1287 609 1396 675 jugo
1413 648 1429 669 ,

149 679 299 728 minus
335 680 554 728 obnoxia.
594 680 895 727 Gemellarum
914 716 928 739 ,
950 680 1113 743 quibus
1145 683 1234 731 hoc
1261 701 1430 731 nomen

149 769 256 800 uvae
285 753 455 817 semper
485 753 672 818 geminae
692 752 851 800 dedere
868 788 882 810 ,
900 751 1162 815 asperrimus
1179 754 1309 817 sapor
1325 790 1340 813 ‚
1357 754 1431 801 sed

149 824 272 872 vires
292 828 544 889 pr'aecipuae.
572 828 639 871 Ex
660 826 712 871 iis
728 825 878 871 minor
894 824 1040 872 austro
1061 825 1253 886 laeditur‚
1273 827 1432 874 ceteris

150 899 301 945 ventis
325 899 455 945 alitur
468 934 482 956 ‚
500 911 550 943 ut
573 897 618 943 in
638 896 844 944 Vesuvio
864 909 1020 944 monte
1037 933 1054 955 ,
1072 898 1434 963 Surrentinisque

152 971 362 1019 collibus.
393 975 442 1017 In
474 970 654 1034 reliquis
685 971 819 1018 Italiae
845 971 1043 1035 partibus
1071 990 1166 1020 non
1192 973 1272 1020 nifi
1301 974 1434 1021 arbo-

151 1045 191 1092 ri
215 1045 566 1092 accommodata.
600 1044 824 1106 Quintum
859 1061 994 1109 genus
1026 1044 1203 1105 lanatae,
1229 1064 1284 1093 ne
1307 1048 1433 1094 Seres

151 1117 394 1174 miremur,
415 1128 492 1163 aut
519 1117 680 1176 Indos,
699 1118 813 1164 adeo
841 1117 1006 1180 lanugo
1030 1133 1126 1164 eam
1152 1120 1310 1167 vestit:
1340 1121 1429 1183 pri-
1494 1144 1496 1147 ·

154 1205 226 1237 ma
247 1205 303 1234 ex
320 1188 568 1234 Ammineis
589 1189 863 1247 maturescit,
881 1188 1170 1252 ocissimeque
1188 1191 1415 1253 putrescit.

222 1277 263 1306 2.
281 1261 492 1307 Proxima
526 1260 714 1325 dignitas
747 1260 1046 1308 Nomentanis
1079 1263 1265 1310 rubente
1295 1276 1434 1311 mate-

154 1331 253 1378 ria:
291 1344 564 1395 quapropter
601 1333 781 1396 quidam
818 1333 1008 1380 rubellas
1044 1335 1327 1397 appellavere
1360 1337 1436 1384 vi·-

156 1402 275 1452 n‘eas.
311 1407 393 1452 Hae
422 1406 569 1453 minus
597 1405 762 1453 fertiles
780 1442 794 1465 ‚
815 1407 1014 1454 vinaceis
1044 1409 1093 1455 ὅ(
1126 1408 1236 1456 faece
1262 1409 1433 1468 nimia,

156 1493 317 1527 contra
338 1481 518 1543 pruinas
540 1480 807 1540 sortiffimae‚
825 1481 1018 1529 siccitate
1040 1483 1174 1546 magis
1199 1500 1333 1547 quam
1352 1483 1434 1537 im-¹

156 1554 262 1610 bre,
290 1553 393 1599 cestu
410 1589 423 1612 ,
450 1571 584 1617 quam
614 1554 765 1618 algore
790 1568 1026 1602 vexantur.
1057 1555 1367 1616 Quamobrem
1386 1557 1433 1602 in

155 1625 326 1690 frigidis
346 1626 623 1691 humidisque
650 1628 948 1691 principatum
973 1629 1195 1676 obtinent.
1228 1629 1436 1676 Fertilior

155 1717 259 1763 quae
291 1700 443 1746 minor
473 1701 605 1748 acino
625 1737 639 1760 ,
660 1703 709 1748 δέ
730 1701 845 1748 folio
874 1701 993 1749 sciss'a
1018 1703 1177 1751 minus.

226 1790 267 1835 3.
285 1774 467 1836 Apianis
488 1792 590 1838 apes
612 1776 771 1822 dedere
803 1792 1089 1840 cognomen,
1113 1777 1340 1841 praecipue
1366 1794 1437 1824 ea-

156 1864 258 1894 rum
288 1848 448 1893 avidae.
487 1851 554 1893 Ex
588 1848 650 1895 eis
681 1849 771 1895 duo
804 1865 994 1912 genera,
1026 1849 1235 1913 lanugine
1267 1852 1317 1898 &
1344 1850 1437 1913 ipsa

158 1919 418 1982 pubescunt.
455 1921 663 1980 Distant,
688 1923 814 1985 quod
844 1922 978 1980 altera
1007 1921 1193 1968 celerius
1226 1920 1437 1968 matures-

159 1993 221 2039 cit
241 2029 253 2051 ,
280 2011 534 2057 quanquam
556 1998 604 2044 &
625 1996 761 2044 altera
794 2010 1077 2059 properante.
1106 1996 1221 2043 Situs
1248 1995 1435 2059 frigidos

158 2083 254 2112 non
283 2067 522 2130 respuunt:
557 2071 605 2117 δέ
634 2081 781 2116 tamen
812 2069 945 2116 nullae
979 2070 1165 2117 celerius
1195 2069 1336 2116 imbre
1355 2085 1438 2131 pu-

157 2139 367 2186 trescunt.
407 2142 524 2188 Vina
544 2142 693 2204 primo
714 2142 861 2190 dulcia
875 2179 889 2201 ‚
908 2143 1203 2189 austeritatem
1220 2142 1346 2189 annis
1365 2158 1437 2198 ac7

159 2210 345 2273 cipiunt.
379 2215 555 2260 Etruria
578 2215 696 2261 nulla
726 2216 859 2278 magis
886 2215 980 2262 vite
1010 2215 1183 2279 gaudet.
1217 2217 1272 2261 Et
1295 2214 1436 2261 hacte-
1475 2219 1477 2222 ’

160 2300 244 2329 nus
264 2285 485 2345 potiffima
514 2288 724 2336 nobilitas
746 2286 1044 2352 peculiaribus
1063 2300 1194 2351 atque
1215 2301 1436 2337 vernacu*

161 2354 213 2405 lis
239 2357 387 2405 Italiae.
