1653 2797
309 142 581 192 NATUR.
618 141 938 191 HISTOR.
980 143 1298 192 LIB.XIV.
1391 156 1451 206 23

168 250 257 311 est,
281 251 504 299 defrutum
519 267 770 300 vocamus:
801 252 957 299 omnia
980 252 1027 298 in
1052 252 1314 300 adulterium
1339 252 1452 299 mel-

167 325 222 373 lis
259 326 526 390 excogitata.
565 324 651 371 Sed
683 324 835 388 priora
864 341 967 372 uva
989 337 1193 391 terraque
1232 325 1454 374 constant.

167 399 341 446 Paffum
364 415 390 444 a
426 397 612 445 Cretico
641 397 852 447 Cilicium
881 399 1126 462 probatur,
1152 401 1202 447 &
1222 398 1424 460 Africum
1440 433 1455 456 ‚

170 472 222 519 &
239 470 286 516 in
304 469 427 517 Italia
445 468 735 535 finitimisque
762 469 1031 534 provinciis
1066 469 1179 516 Fieri
1204 470 1375 517 certum
1394 468 1456 515 est

169 560 228 592 ex
254 558 369 602 uva,
399 560 536 607 quam
568 542 718 590 Graeci
760 542 944 590 sticham
975 553 1175 601 vocant,
1211 558 1295 589 nos
1332 540 1456 604 apia-

169 633 306 664 nam:
347 617 455 663 item
484 616 701 681 scirpula,
729 617 892 666 diutius
924 618 971 664 in
1003 618 1098 665 vite
1126 616 1231 664 Sole
1264 616 1422 663 adustis
1442 651 1456 674 ‚

169 702 247 741 aut
292 689 487 739 ferventi
531 691 653 739 oleo,
707 690 906 752 Quidam
944 708 970 737 e
1005 705 1273 755 quacunque
1306 688 1458 746 dulci,

163 764 280 811 dtun
313 766 536 827 praecoffiz
567 765 666 811 alba
684 800 700 824 ‚
727 763 927 812 faciunt:
959 763 1171 811 siccantes
1201 760 1337 821 Sole,
1371 761 1457 807 do-

169 856 258 886 nec
291 840 428 902 paulo
466 840 654 904 amplius
683 840 915 887 dimidium
940 840 1119 903 pondus
1153 837 1362 902 superfit,
1383 847 1457 882 tu-

171 911 324 977 tasque
345 913 502 960 leniter
521 914 794 977 exprimunt.
836 912 1017 961 Deinde
1039 924 1257 978 quantum
1277 910 1458 975 expres-

172 984 293 1042 sere,
320 983 536 1046 adjiciunt
567 985 770 1034 vinaceis
804 1002 932 1050 aquae
968 997 1199 1049 puteanae,
1229 995 1279 1031 ut
1311 986 1361 1031 δι
1389 982 1460 1029 se-

171 1059 436 1107 cundarium
481 1060 649 1123 paffum
694 1059 873 1108 faciant.
931 1058 1255 1122 Diligentiores
1298 1055 1459 1102 eodem

172 1133 316 1179 modo
351 1132 522 1180 siccatis
557 1133 715 1180 acinos
751 1132 986 1189 eximunt,
1018 1148 1071 1178 ac
1107 1131 1198 1177 fine
1233 1127 1460 1175 sarmentis

173 1204 445 1252 madefactos
481 1206 595 1254 vino
641 1205 913 1263 excellenti,
947 1204 1096 1250 donee
1132 1202 1460 1260 intumescant,

175 1292 420 1341 premunt:
456 1280 506 1326 &
539 1279 628 1330 hoc
663 1295 805 1342 genus
837 1289 942 1324 ante
970 1292 1119 1324 cetera
1155 1276 1368 1322 laudant:
1408 1292 1462 1322 ac

175 1349 305 1396 simili
338 1349 480 1396 modo
515 1366 631 1414 aqua
665 1349 838 1408 addita,
872 1347 1180 1396 secundarium
1213 1347 1397 1395 faciunt.

239 1423 440 1472 Medium
464 1423 580 1471 inter
600 1423 750 1470 dulcia
767 1424 1018 1488 vinumque
1041 1421 1130 1482 est,
1157 1422 1285 1487 quod
1314 1420 1464 1468 Graeci

175 1495 403 1561 aigleucos
423 1510 597 1545 vocant
612 1534 627 1557 ,
647 1497 738 1545 hoc
758 1497 845 1556 est,
866 1496 1036 1560 semper
1054 1496 1261 1544 mustum.
1283 1496 1334 1543 Id
1351 1512 1464 1543 eve-

176 1570 245 1617 nit
279 1588 404 1631 cura,
433 1571 650 1636 quoniam
678 1570 854 1619 fervere
889 1571 1189 1635 prohibetur:
1215 1571 1274 1618 fic
1309 1570 1465 1634 appel-

177 1645 274 1692 lant
303 1645 433 1692 musti
459 1635 507 1692 in
532 1646 642 1694 vina
671 1645 918 1693 transitum.
953 1648 1076 1710 Ergo
1099 1656 1307 1710 mergunt
1326 1661 1349 1691 e
1370 1645 1469 1692 lacu

178 1719 389 1784 protinus
413 1720 460 1766 in
494 1737 608 1785 aqua
635 1720 798 1778 cados,
829 1720 974 1767 donec
999 1720 1158 1766 bruma
1179 1717 1397 1776 transeat,
1418 1719 1469 1764 &

182 1793 465 1841 consuetudo
491 1792 567 1840 fiat
593 1793 783 1858 algendi.
818 1792 892 1839 Est
921 1792 1168 1839 etiamnum
1189 1791 1311 1838 aliud
1332 1808 1471 1855 genus

181 1866 277 1929 ejus
300 1885 378 1931 per
397 1866 464 1927 se,
490 1868 619 1933 quod
643 1879 783 1916 vocat
800 1867 928 1914 dulce
946 1866 1248 1914 Narbonensis
1277 1865 1472 1929 provin-

181 1939 268 2000 cia,
283 1941 332 1987 &
350 1939 396 1986 in
413 1957 464 1987 ea
476 1940 670 1999 maxime
687 1939 922 1986 Vocontii.
943 1938 1201 1995 Affervatur
1219 1937 1312 2002 ejus
1334 1939 1472 2003 gratia

183 2029 275 2059 uva
301 2011 464 2059 diutius
488 2012 534 2058 in
555 2013 676 2072 vite,
699 2013 908 2076 pediculo
939 2012 1128 2059 intorto.
1162 2012 1232 2059 Ab
1259 2011 1353 2059 aliis
1380 2011 1471 2074 ipse

184 2085 351 2148 palmes
383 2086 594 2134 inciditur
617 2087 668 2133 in.
692 2087 933 2133 medullam
952 2123 966 2146 ,
986 2087 1041 2133 ab
1076 2087 1170 2134 aliis
1200 2103 1304 2135 uva-
1323 2102 1471 2134 torre-—

183 2171 258 2204 tur
286 2158 334 2204 in
359 2158 521 2222 tegulis
546 2178 557 2206 ε
591 2159 744 2208 omnia
772 2175 829 2205 ex
856 2158 1116 2206 Helvenaca
1144 2160 1251 2208 Vite.
1291 2160 1370 2207 His
1393 2158 1474 2204 ad·-

182 2228 345 2292 jiciunt
370 2230 508 2294 aliqui
522 2268 535 2290 ,
556 2231 681 2296 quod
701 2243 874 2278 vocant
893 2231 1144 2298 diachyton
1161 2269 1175 2292 ,
1198 2233 1301 2281 uvis
1322 2232 1369 2278 in
1387 2232 1474 2277 So-

180 2303 228 2353 le
259 2302 456 2361 siccatis,
486 2304 593 2352 loco
630 2304 782 2353 clauso
819 2320 899 2368 per
935 2304 1028 2352 dies
1066 2305 1262 2369 septem,
1295 2306 1342 2352 in
1375 2320 1474 2351 cra-

187 2376 328 2434 tibus,
351 2375 538 2422 totidem
570 2377 705 2439 pedes
737 2395 762 2424 a
791 2389 907 2424 terra
939 2377 1027 2424 alte
1044 2413 1057 2436 ,
1088 2377 1295 2426 nostibus
1321 2395 1346 2423 a
1371 2393 1475 2424 rore

187 2448 372 2497 defensis
389 2486 402 2510 ,
428 2450 594 2499 odavo
621 2450 691 2497 die
722 2451 930 2512 calcatis:
962 2451 1023 2498 ita
1046 2449 1141 2496 fieri
1172 2450 1333 2513 optimi
1355 2451 1475 2499 odo--

1118 2526 1219 2584 134
