1653 2797
243 199 333 242 204
495 181 1288 229 C.PL1NIISECUND1*

238 292 394 338 horem
415 291 555 336 &eila
578 307 587 336 ε
608 289 859 336 ociffimum
879 289 924 334 in
943 289 1048 335 vite.
1078 287 1122 334 Si
1143 288 1316 352 gracilis
1334 289 1383 335 fit
1402 288 1511 336 vitis

236 376 311 410 aut
330 376 442 409 terra
457 399 470 419 ,
492 364 696 409 usitatum
713 361 775 408 est
793 379 924 425 quam
945 363 1153 425 proxime
1180 361 1325 408 solum
1342 363 1512 419 decidi,

238 437 385 484 donec
405 436 604 483 firmetur
621 437 770 483 radix:
794 437 904 483 ficut
922 453 1066 499 neque
1083 435 1304 482 roscidam
1322 435 1424 492 seri,
1443 451 1514 481 ne-

236 526 323 572 que
350 527 374 556 a
403 509 740 572 Septemtrionis
770 508 891 555 flatu.
932 509 1058 555 Vites
1084 508 1362 572 Aquilonem
1392 506 1515 569 spec-

237 594 330 629 tare
358 583 519 630 debent
549 585 675 646 ipsae,
696 583 896 647 palmites
921 593 1068 629 autem
1092 600 1243 629 earum
1271 581 1517 627 meridiem.

305 671 377 720 25.
413 657 522 703 Non
549 657 609 702 est
640 656 932 703 festinandum
963 655 1017 701 ad
1044 656 1326 716 putationem
1354 651 1516 699 novel-

238 729 291 774 lae
310 747 320 774 z
340 728 412 774 sed
432 730 579 791 primo
605 730 652 775 in
680 729 874 775 circulos
900 727 1104 774 materies
1131 727 1381 790 colligenda
1397 763 1410 783 ‚
1431 742 1516 772 nec

238 801 319 846 nisi
348 802 509 847 validae
538 802 713 863 putatio
738 801 1051 846 admovenda:
1082 798 1245 845 seriore
1272 798 1364 845 fere
1394 815 1518 844 anno

239 874 294 920 ad
313 873 505 920 suffitum
522 873 692 919 arbusta
709 873 829 932 vite,
850 890 979 937 quam
1000 872 1159 936 jugata.
1189 873 1302 918 Sunt
1322 872 1401 935 qui
1420 888 1519 918 om-

239 946 349 991 nino
381 946 530 1007 putari
562 958 751 1005 vetant,
774 947 1031 1011 priusquam
1066 947 1280 993 arborum
1314 945 1518 1009 longitu-

242 1018 392 1062 dinem
415 1019 673 1080 aequaverit.
707 1020 852 1067 Prima
880 1020 991 1066 falce
1013 1019 1087 1066 sex
1108 1021 1241 1082 pedes
1264 1037 1289 1066 a
1312 1032 1429 1066 terra
1446 1035 1520 1064 re-

240 1088 440 1146 cidatur,
472 1089 649 1153 flagello
684 1091 797 1138 infra
824 1092 979 1138 reliclo
995 1128 1010 1149 ‚
1031 1093 1080 1139 &
1116 1091 1235 1139 nasci
1265 1093 1420 1138 coaclo
1451 1091 1520 1137 in-

240 1161 507 1208 curvatione
533 1164 743 1210 materiae.
765 1165 876 1210 Tres
900 1165 939 1210 ei
964 1181 1175 1227 gemmae,
1194 1183 1288 1213 non
1316 1164 1520 1228 amplius,

239 1234 453 1297 deputato
476 1235 702 1298 supersint.
739 1239 806 1283 Ex
827 1237 893 1282 his
917 1236 1052 1283 emiffi
1075 1237 1277 1299 palmites
1307 1239 1521 1299 proximo

241 1325 360 1354 anno
376 1308 475 1355 imis
493 1309 749 1372 ingerantur
768 1309 979 1368 scamnis,
999 1327 1049 1357 ac
1069 1327 1146 1372 per
1163 1310 1358 1373 singulos
1378 1328 1523 1358 annos

241 1381 295 1426 ad
314 1380 543 1443 superiora
567 1381 777 1428 scandant
793 1418 806 1440 ,
824 1383 980 1429 relicto
999 1383 1168 1446 semper
1192 1383 1455 1431 duramento
1476 1385 1523 1431 in

242 1452 422 1514 singulis
444 1455 651 1501 tabulatis
668 1491 682 1513 ,
700 1458 748 1502 &
767 1454 985 1501 emifl'ario
1015 1471 1108 1501 uno
1122 1491 1135 1512 ,
1156 1455 1232 1518 qui
1255 1454 1429 1515 subeat,
1456 1456 1524 1503 us-

244 1540 331 1587 que
352 1541 443 1586 quo
466 1525 696 1586 placuerit.
734 1528 809 1573 De
831 1539 982 1572 cetero
1014 1526 1247 1589 putatione
1269 1527 1422 1585 omni,
1446 1527 1523 1574 fla-

245 1594 356 1658 gella
377 1611 475 1657 quae
499 1597 709 1658 proxime
727 1597 956 1653 tulerunt,
980 1599 1235 1645 recidantur
1255 1617 1265 1644 :
1295 1615 1420 1644 nova
1441 1599 1524 1644 cir-

245 1666 446 1713 cumcifis
477 1668 678 1731 undique
709 1668 929 1730 capreolis
960 1668 1213 1731 spargantur
1238 1669 1284 1714 in
1303 1670 1523 1717 tabulatis.

245 1739 499 1786 Vernacula
531 1741 706 1802 putatio
741 1739 918 1801 dejeffis
947 1758 1027 1803 per
1058 1757 1208 1787 ramos
1240 1742 1403 1788 vitium
1434 1743 1524 1788 cri-

226 1813 380 1867 .nibus
411 1813 715 1861 circumvestit
746 1814 954 1861 arborem
972 1853 984 1871 ‚
1009 1815 1237 1879 crinesque
1260 1816 1378 1878 ipsos
1399 1817 1525 1864 uvis:

249 1886 423 1933 Gallica
455 1887 500 1932 in
529 1888 732 1934 traduces
764 1888 1039 1951 porrigitur:
1063 1888 1250 1936 AEmiliae
1271 1890 1359 1936 viae
1385 1890 1432 1936 in
1454 1908 1528 1937 ra-

249 1960 368 2007 dices
396 1962 632 2009 atiniarum
656 1963 855 2020 ambitu‚
882 1962 1091 2010 frondem
1116 1980 1264 2010 earum
1289 1964 1475 2027 fugiens.

319 2035 390 2078 26.
442 2033 514 2080 Est
545 2035 826 2096 quorundam
862 2034 1084 2096 imperitia
1121 2034 1197 2080 sub
1233 2051 1356 2081 ramo
1387 2036 1530 2082 vitem

253 2106 442 2152 vinculo
478 2107 798 2170 suspendendi,
820 2106 1069 2155 suffocante
1087 2107 1243 2170 injuria
1264 2126 1274 2154 :
1305 2108 1530 2155 contineri

255 2176 384 2222 debet
404 2176 600 2233 vimine,
628 2195 723 2225 non
748 2179 916 2225 arclari.
950 2178 1079 2239 Quin
1101 2179 1241 2224 immo
1269 2181 1402 2225 etiam
1426 2180 1528 2242 qui-

256 2248 338 2295 bus
369 2247 517 2296 salices
550 2249 808 2311 supersunt,
836 2251 1046 2296 molliore
1074 2250 1163 2296 hoc
1189 2250 1378 2298 vinculo
1407 2251 1527 2298 face·-

255 2339 302 2368 re
329 2323 524 2379 malunt,
547 2323 796 2386 herbaque,
822 2324 956 2369 Siculi
978 2341 1112 2386 quam
1138 2338 1310 2371 vocant
1334 2325 1530 2387 ampelo-

256 2395 476 2442 desmon:
525 2397 700 2442 Graecia
732 2413 846 2443 vero
885 2396 1090 2444 universa
1125 2397 1291 2459 junco,
1326 2413 1529 2462 cypero,

257 2468 377 2516 ulva,
412 2469 664 2516 vLiberatam
692 2486 875 2534 quoque
902 2470 1092 2518 vinculo
1122 2488 1200 2535 per
1232 2471 1403 2534 aliquot
1437 2469 1529 2516 dies
