1653 2797
216 153 278 197 60
493 148 1264 201 C.PLINIISECUND1

216 261 331 307 stant
353 259 499 325 gypso
520 258 597 305 vel
618 275 742 305 cera:
772 276 873 323 quae
901 259 982 307 nisi
1008 259 1331 320 maturuerint,
1348 260 1498 309 incre-

216 345 372 380 mento
404 332 610 395 calycem
643 343 870 394 rumpunt.
907 333 1089 396 Semper
1119 343 1265 380 autem
1297 333 1345 380 in
1369 334 1497 397 pedi-

217 408 344 454 culos
375 404 608 452 collocant
635 421 696 452 ea.
743 404 833 452 Alii
865 406 1110 468 decerpunt
1146 424 1249 454 cum
1282 405 1499 467 surculis,

214 478 381 542 eosque
411 477 726 529 insinedullam
758 476 954 526 sambuci
987 479 1164 526 abditos
1195 480 1427 539 obruunt,
1451 492 1502 528 ut

215 551 345 614 supra
371 550 582 615 scriptum
609 552 684 600 est.
717 552 806 600 Alii
837 552 1020 616 singulis
1047 553 1174 600 malis
1202 553 1394 618 pirisque
1415 553 1500 601 sm-

213 622 316 687 gula
341 622 448 672 vasa
481 622 632 670 ficlilia
662 623 878 687 affignant
893 659 908 682 ,
931 625 982 671 &
1010 624 1226 687 opercula
1251 625 1501 688 eorumpi·

212 708 311 743 cata
331 696 458 743 dolio
479 697 640 744 iterum
658 697 909 744 includunt.
930 697 1029 743 Nec
1045 713 1141 742 non
1163 697 1300 760 aliqui
1322 698 1368 743 in
1386 697 1500 744 floc-

215 769 277 814 cis
305 768 553 832 capsisque,
581 786 689 832 quas
723 770 820 814 luto
852 770 1030 831 paleato
1061 768 1258 816 illinunt.
1293 770 1383 816 Alii
1411 770 1502 817 hoc

212 839 395 902 quidem
413 839 460 885 in
479 839 641 902 patinis
660 837 866 884 ficlilibus
887 856 897 883 ε
928 838 1135 901 aliqui&
1153 838 1199 884 in
1223 838 1381 886 scorbe
1400 839 1503 887 suh-

210 910 321 975 je&a
356 930 520 970 arena,
549 912 611 958 ita
653 912 768 959 ficca
805 911 1020 975 operiunt
1050 929 1162 959 mox
1199 923 1332 959 terra.
1389 914 1503 959 Sunt

210 987 290 1050 qui
328 999 525 1033 cotonea
560 1003 661 1033 cera
693 985 883 1033 Pontica
916 985 1030 1032 illita
1061 986 1193 1033 melle
1230 986 1501 1053 demergant.

210 1059 468 1107 Columella
493 1059 648 1106 auctor
668 1058 757 1117 est,
781 1058 827 1104 in
845 1070 1008 1121 puteos
1032 1059 1299 1107 cisternasve
1323 1061 1370 1106 in
1387 1060 1503 1108 fidii-

211 1129 328 1176 libus
352 1130 465 1178 vasis
486 1130 586 1194 pice
617 1130 822 1195 diligenti
851 1147 958 1177 cura
984 1130 1109 1179 illitis
1130 1132 1285 1195 mergi.
1324 1133 1506 1197 Liguria

210 1204 434 1251 maritima
454 1205 641 1268 Alpibus
662 1206 874 1269 proxima
901 1222 1013 1251 uvas
1040 1204 1145 1251 Sole
1165 1206 1349 1254 siccatas
1376 1206 1503 1269 junci

212 1275 357 1323 fasciis
383 1276 618 1336 involvit,
639 1276 845 1341 cadisque
873 1276 1103 1334 conditas,
1126 1276 1273 1341 gypso
1299 1278 1503 1327 includit.

209 1351 312 1396 Hoc
355 1350 473 1396 idem
509 1350 660 1398 Graeci
694 1350 862 1414 platani
900 1349 1052 1409 foliis,
1091 1362 1166 1396 aut
1195 1351 1304 1398 vitis
1334 1351 1499 1414 ipsius,

211 1434 286 1468 aut
313 1421 414 1481 fici,
434 1439 528 1468 uno
560 1423 630 1469 die
659 1423 707 1470 in
741 1424 898 1470 umbra
927 1423 1127 1482 siccatis,
1150 1436 1283 1488 atque
1312 1424 1358 1470 in
1387 1425 1501 1472 cado

210 1495 411 1542 vinaceis
448 1497 734 1560 interpositis.
796 1498 906 1557 Quo
952 1515 1111 1561 genere
1153 1499 1252 1545 Coa
1293 1515 1415 1557 uva,
1453 1501 1503 1548 &

213 1568 393 1632 Berytia
434 1568 696 1629 servantur,
730 1570 894 1618 nullius
941 1570 1152 1620 suavitati
1191 1570 1501 1634 postferendae.

213 1641 437 1701 Quidam,
463 1653 514 1688 ut
539 1642 616 1689 has
647 1642 841 1702 faciant,
865 1644 912 1690 in
943 1644 1092 1691 cinere
1125 1643 1292 1690 lixivio
1320 1643 1500 1708 tingunt

211 1713 419 1774 protinus
441 1731 576 1777 quam
601 1715 831 1762 detraxere
855 1716 1025 1765 vitibus
1041 1753 1055 1775 ,
1075 1733 1187 1763 mox
1215 1716 1262 1762 in
1293 1717 1397 1763 Sole
1418 1716 1501 1763 fic·-

214 1799 347 1834 cant:
384 1800 481 1835 tum
515 1789 638 1836 foliis
659 1789 746 1854 (ut
778 1790 907 1854 supra
939 1791 1106 1838 dietum
1133 1789 1232 1854 est)
1269 1790 1502 1840 involutas

213 1862 418 1911 vinaceis
449 1863 625 1926 stipant.
664 1865 776 1911 Sunt
811 1865 890 1929 qui
923 1865 1096 1913 malunt
1121 1881 1232 1912 uvas
1267 1863 1401 1912 scobe
1427 1881 1501 1911 ra-

215 1935 437 1986 mentisve
484 1938 668 1997 abietis‚
703 1939 893 2002 populi,
936 1938 1098 1986 fraxini
1138 1937 1330 1988 servare.
1390 1938 1502 1984 Sunt

216 2010 295 2073 qui
327 2009 528 2073 suspendi
558 2013 721 2075 procul
752 2013 905 2072 malis,
935 2012 1231 2077 protinusque
1264 2012 1313 2057 in
1341 2028 1500 2075 grana-

217 2083 293 2129 riis
320 2082 526 2144 jubeant,
548 2086 761 2149 quoniam
797 2086 970 2149 optime
1002 2086 1054 2132 fit
1083 2084 1371 2148 operimento
1403 2083 1504 2146 pul-

218 2157 289 2203 vis
321 2157 574 2219 pensilibus.
625 2160 801 2205 Contra
837 2158 993 2222 vespas
1027 2157 1229 2204 remedio
1270 2156 1361 2216 est,
1395 2156 1501 2203 oleo

217 2228 386 2292 aspergi
411 2246 467 2276 ex
498 2247 591 2277 ore.
632 2232 707 2277 De
736 2230 894 2294 palmis
918 2231 1127 2278 diximus.

286 2305 412 2351 XIX.
444 2306 479 2350 E
507 2304 684 2367 reliquo
713 2322 873 2368 genere
903 2321 1150 2367 pomorum
1185 2303 1295 2352 ficus
1322 2301 1499 2366 amplis-

221 2379 325 2425 sima
355 2379 441 2436 est,
463 2379 752 2444 quaedamque
781 2380 831 2427 &
856 2380 964 2443 piris
996 2380 1297 2444 magnitudine
1324 2378 1498 2426 aemula.

220 2452 295 2498 De
330 2453 555 2517 AEgyptiae
593 2453 870 2518 Cypriaeque
903 2453 1132 2502 miraculis
1161 2453 1396 2501 retulimus
1430 2451 1497 2497 in-
