1653 2797
279 131 570 180 NATUR.
606 132 919 179 HISTOR.
954 132 1081 180 LlB.
1117 134 1270 182 XIX.
1341 148 1430 197 325

219 240 294 286 VI.
330 239 563 287 Posteain
593 239 774 286 theatris
808 251 981 288 tantum
1020 242 1224 289 umbram
1256 242 1399 290 fecere
1419 260 1432 287 :

156 312 280 375 quod
314 312 483 376 primus
518 311 721 358 omnium
759 311 937 359 invenit
978 315 1036 373 Q.
1076 314 1297 370 Catulus,
1331 331 1436 363 cum

153 385 428 448 Capitolium
458 384 695 431 dedicaret.
736 384 977 431 Carbafina
1015 385 1174 433 deinde
1204 388 1308 435 vela
1336 387 1434 448 pri—

152 473 251 504 mus
287 457 334 503 in
365 456 539 503 theatro
577 455 746 504 duxiffe
781 457 972 503 traditur
1005 458 1218 506 Lentulus
1255 459 1438 523 Spinter

152 528 488 592 Apollinaribus
506 527 636 576 ludis.
663 530 779 576 Mox
794 528 940 576 Caesar
957 529 1167 576 Di&at0r
1186 542 1334 577 totum
1358 531 1432 579 fo·

150 617 250 648 rum
276 601 536 647 Romanum
561 600 748 660 intexit,
784 601 994 665 viamque
1015 600 1179 649 sacram
1210 602 1264 648 ab
1286 604 1433 650 domo

152 674 226 722 sua
252 675 308 721 ad
335 674 510 724 clivum
540 674 677 739 usque
695 664 1019 739 ’Capitolinum
1033 711 1047 734 ,
1080 676 1211 739 quod
1241 693 1431 722 munere

150 745 249 808 ipso
273 746 544 809 gladiatorio
578 745 825 794 mirabilius
852 746 1000 793 visum-
1027 747 1224 794 tradunt
1251 748 1434 794 Deinde

152 821 202 867 &
228 818 319 866 fine
352 818 465 866 ludis
491 819 731 866 Marcellus
752 819 941 866 O&avia
974 819 1130 866 sorore
1148 819 1330 883 Augusti
1356 837 1431 884 ge-
1483 861 1495 874 ,

154 893 301 952 nitus,
330 893 377 939 in
397 893 630 940 AEdilitate
652 893 757 952 sua,
790 893 1020 940 avunculo
1054 907 1109 939 XI
1131 893 1356 952 Consule,
1390 912 1430 940 a..

153 965 193 1012 d.
228 955 453 1012 Kalendas
477 965 695 1030 Augusti,
716 966 831 1014 velis
862 966 1013 1013 forum
1047 966 1352 1026 inumbravit,
1379 981 1431 1013 ut

153 1037 364 1085 salubrius
397 1038 619 1102 litigantes
646 1037 971 1085 consisterent:
1008 1050 1226 1102 quantum
1247 1040 1431 1085 mutatis

152 1111 354 1158 moribus
388 1111 577 1158 Catonis
609 1109 845 1169 Censorii,
877 1111 956 1176 qui
989 1111 1273 1157 sternendum
1308 1128 1430 1175 quo-

150 1201 240 1247 que
266 1183 417 1230 forum
447 1183 693 1231 muricibus
725 1183 968 1230 censuerat.
1000 1183 1114 1230 Vela
1137 1201 1280 1247 nuper
1298 1184 1432 1231 colo-

152 1275 199 1305 re
220 1257 341 1316 caeli,
360 1257 548 1316 stellata,
579 1275 656 1321 per
682 1258 892 1306 rudentes
919 1258 1006 1304 iere
1033 1257 1172 1304 etiam
1185 1259 1231 1305 in
1249 1258 1430 1321 amphi-

151 1331 328 1377 theatro
349 1331 563 1394 principis
582 1331 792 1377 Neronis.
820 1331 1001 1378 Rubent
1022 1330 1073 1376 in*
1090 1330 1214 1378 cavis
1233 1331 1394 1377 aedium
1414 1367 1431 1389 ,

151 1406 203 1452 &
225 1403 426 1452 muscum
452 1421 477 1450 a
503 1403 608 1450 Sole
637 1403 891 1451 defendunt.
928 1405 1092 1450 Cetero
1129 1404 1286 1449 mansit
1323 1421 1431 1450 can-

151 1476 254 1524 ·dori
271 1478 476 1539 pertinax
505 1477 660 1542 gratia.
690 1480 856 1525 Honor
881 1477 1011 1524 etiam
1042 1479 1091 1524 &
1107 1475 1312 1539 Trojano
1334 1478 1430 1524 bel-

152 1549 215 1596 lo.
247 1550 343 1596 Cur
362 1550 483 1596 enim·
502 1567 599 1597 non
616 1551 665 1597 &
682 1550 858 1613 proeliis
875 1549 1042 1596 intersit
1055 1585 1068 1606 ‚
1089 1560 1138 1594 ut
1158 1548 1427 1612 naufragiis?

152 1619 434 1667 Thoracibus
457 1620 584 1669 lineis
614 1622 782 1684 pau-cos
809 1633 957 1667 tamen
974 1621 1208 1684 pugnasse,
1225 1620 1344 1667 test-is
1367 1621 1429 1668 est

154 1694 394 1740 Homerus.
429 1693 548 1741 Hinc
578 1693 703 1741 fuisse
726 1696 775 1742 ὃ(
799 1694 986 1740 navium
1018 1706 1287 1740 armamenta
1314 1695 1430 1757 apud

151 1765 343 1812 eundem
375 1765 722 1829 interpretantur
751 1765 1015 1812 eruditiores
1036 1783 1051 1813 ι
1087 1765 1302 1830 quoniam
1327 1784 1431 1814 curn

152 1836 295 1900 sparta
322 1837 436 1884 dixit
453 1874 474 1895 ‚
504 1837 820 1902 significaverit
849 1838 956 1885 sata.

219 1910 314 1955 VII.
334 1909 480 1971 Sparti
493 1910 673 1973 quidem
692 1910 793 1958 usus
811 1911 951 1958 multa
970 1911 1070 1976 post
1090 1911 1236 1959 secula
1255 1916 1430 1974 coeptus

154 1979 249 2027 est:
287 1997 370 2026 nec
398 1992 500 2028 ante
533 1983 782 2028 Poenorum
814 1999 933 2030 arma
951 2019 967 2041 ‚
996 2001 1098 2049 quae
1122 1984 1316 2047 primum
1346 1984 1429 2030 Hi-

156 2053 318 2116 spaniae
338 2054 599 2102 intulerunt.
637 2056 786 2102 Herba
817 2058 869 2105 ὅ(
905 2056 1002 2104 haec
1029 2056 1185 2120 sponte
1216 2057 1394 2104 nascens
1414 2094 1431 2114 ,

157 2128 207 2173 &
231 2143 330 2189 quae
350 2142 444 2172 non
472 2138 606 2191 queat
633 2126 713 2174 seri
729 2163 741 2186 ‚
760 2127 1003 2192 plne-,usque
1022 2129 1207 2192 proprie
1232 2128 1341 2178 aridi
1360 2128 1430 2174 so·

156 2202 214 2259 li,
234 2201 312 2246 uni
342 2213 471 2247 terrae
503 2202 608 2248 dato
636 2201 767 2249 vitio.
805 2202 1011 2266 Namque
1038 2201 1084 2248 id:
1103 2201 1271 2249 malum
1300 2201 1428 2254 tellus

155 2274 215 2320 ris
235 2275 322 2321 est:
350 2290 432 2319 nec
456 2273 576 2320 aliud
594 2273 656 2319 ibi
681 2272 762 2320 seri
782 2284 858 2320 aut
884 2271 1000 2320 nasci
1024 2274 1189 2337 potest.
1216 2277 1265 2322 ln
1281 2272 1432 2321 Africa

157 2347 367 2411 exiguum
395 2347 446 2394 &
472 2346 626 2393 inutile
646 2347 852 2411 gignitur.
883 2348 1257 2413 Carthaginiensis
1275 2347 1430 2409 Hispa·

159 2417 244 2465 niae
277 2417 497 2468 citerioris
522 2419 707 2482 portio,
737 2438 821 2469 nee
848 2421 943 2470 haec
966 2433 1087 2480 tota,
1119 2420 1190 2468 sed
1215 2432 1432 2485 quatenus
