1653 2797
243 170 331 219 186
495 170 845 220 C.PLIN11
896 172 1279 220 SECUNDI

235 279 312 326 vel
342 279 527 328 diversae
563 279 933 345 insociabilesque
973 292 1143 328 naturae
1176 280 1389 328 arborum
1423 298 1505 330 co-

232 350 447 413 pulentur
463 388 476 410 ‚
508 363 559 398 ut
590 351 665 399 fici
684 365 814 416 atque
837 352 964 400 oleae.
985 354 1114 400 Juxta
1138 353 1254 399 hanc
1273 351 1356 399 seri
1371 349 1508 400 ficum

232 422 358 484 jubet
391 441 487 470 non
516 426 730 488 ampliore
763 426 1008 473 intervallo
1028 462 1041 485 ‚
1071 443 1200 490 quam
1222 437 1272 473 ut
1302 425 1509 489 contingi

234 494 353 558 large
378 496 513 558 poffit
539 513 665 544 ramo
695 498 810 544 oleae
843 515 977 562 quam
1012 497 1206 544 maxime
1237 497 1414 562 sequaci
1446 508 1510 542 at·

235 585 322 631 que
341 570 606 618 obedituro:
627 588 816 635 eumque
834 571 962 617 omni
979 571 1160 618 interim
1177 584 1381 634 tempore
1398 569 1512 616 edo-

234 642 346 687 mari
365 643 655 691 meditatione
676 643 908 690 curvandi.
944 642 1103 689 Postea
1130 643 1222 691 fico
1250 644 1410 707 adepta
1433 642 1510 689 vi·-

233 729 304 760 res
319 750 334 772 ‚
360 714 509 778 (quod
532 719 716 766 evenire
741 717 882 763 trimae
901 751 915 773 ‚
949 729 1024 762 aut
1047 714 1203 778 utique
1229 714 1514 780 quinquenni·

235 785 348 833 solet
361 787 406 851 ‚)
425 789 687 836 detruncata
704 786 956 851 superficie,
978 786 1208 851 ipsumque
1231 788 1513 850 deputatum,

237 862 288 908 &
317 873 366 907 ut
385 862 551 909 dictum
575 863 635 909 est
651 898 665 921 ‚
692 861 847 909 adraso
872 861 1101 909 cacumine
1117 896 1132 920 ,
1155 860 1290 924 defigi
1310 861 1355 907 in
1386 876 1514 908 crure.

236 932 336 992 fici,
363 934 634 982 custoditum
661 934 881 992 vinculis,
910 951 965 980 ne
991 947 1235 982 curvatura
1262 933 1419 998 fugiat.
1450 934 1515 980 Ita

236 1008 432 1068 quodam
456 1008 756 1072 propaginum
780 1007 1104 1071 insi-torumque
1132 1016 1515 1070 temperamento,

236 1079 436 1127 triennio
482 1082 714 1128 communi
750 1082 865 1129 inter
901 1081 1007 1127 duas
1044 1093 1209 1128 matres
1249 1078 1515 1127 coalescere.
1556 1138 1560 1139 ⁷

237 1152 418 1210 Quarto
437 1172 557 1201 anno
577 1154 804 1202 abscissum
825 1167 973 1202 totum
1000 1153 1254 1216 adoptantis
1270 1152 1378 1210 effe,
1395 1168 1516 1198 non-

239 1224 344 1270 dum
359 1227 539 1289 vulgara
558 1228 733 1274 rarione
747 1264 760 1286 ‚
779 1239 852 1273 aut
867 1226 980 1273 mihi
1001 1238 1117 1273 certe
1135 1225 1233 1272 satis
1249 1235 1492 1286 comperta.

303 1300 473 1347 XXXL
509 1302 675 1348 Cetero
697 1302 849 1348 eadem
878 1300 955 1347 illa
983 1301 1035 1346 de
1057 1300 1210 1347 calidis
1228 1297 1516 1362 frigidisque,

236 1375 289 1420 &
322 1374 513 1420 humidis
546 1377 596 1422 δε
632 1374 755 1422 siccis
786 1375 915 1437 supra
946 1374 1060 1420 dicta
1094 1372 1233 1430 ratio,
1265 1372 1315 1418 δι
1338 1369 1522 1417 scrobes·>

244 1445 398 1493 fodere
430 1448 715 1495 monstravit.
751 1451 800 1494 In
823 1447 1002 1511 aquosis
1036 1446 1156 1492 enim
1191 1461 1336 1508 neque
1366 1443 1482 1490 altos
1501 1476 1520 1500 ,

242 1536 388 1582 neque
422 1520 596 1583 amplos
633 1519 776 1567 facere
810 1519 1050 1582 expediet:
1089 1518 1216 1564 aliter
1247 1516 1295 1562 in
1327 1514 1517 1562 aestuoso

241 1593 338 1641 solo
367 1595 417 1641 &
438 1594 581 1651 sicco,
610 1606 660 1640 ut
690 1611 824 1656 quam
855 1593 1048 1639 maxime
1075 1590 1297 1653 accipiant
1326 1605 1517 1652 aquam,

243 1666 604 1729 contineantque.
629 1668 738 1712 Haec
772 1667 821 1713 &
842 1677 1019 1712 veteres
1037 1664 1220 1710 arbores
1247 1661 1427 1709 colendi
1444 1677 1517 1707 ra-

240 1737 307 1785 tio
339 1738 414 1784 est.
446 1739 740 1786 Ferventibus
774 1739 895 1786 enim
928 1737 1042 1801 Iopis
1075 1735 1360 1783 accumulant
1389 1733 1518 1780 aesta·-

241 1825 285 1856 te
304 1811 471 1858 radices
496 1811 797 1873 operiuntque
809 1846 822 1868 ,
844 1827 900 1856 ne
917 1809 1032 1855 Solis
1048 1808 1182 1854 ardor
1200 1817 1367 1853 exurat.
1389 1804 1517 1851 Aliu-

243 1880 288 1927 bi
322 1881 615 1944 ablaqueant,
644 1879 940 1944 perflatusque
970 1879 1224 1926 admittunt.
1252 1878 1392 1925 Iidem
1420 1876 1529 1923 hie-vr

243 1970 315 1999 me
352 1954 542 2000 cumulis
579 1971 603 2000 a
645 1954 748 2017 gelu
781 1952 1030 2000 vindicant.
1073 1953 1248 1998 Contra
1281 1949 1348 1996 illi
1373 1949 1518 1996 hieme

245 2028 482 2089 aperiunt,
512 2028 836 2090 humoremque
869 2025 1115 2072 sitientibus
1147 2034 1370 2088 quaerunt.
1400 2022 1519 2069 Ubi-

245 2115 422 2161 cunque
464 2096 842 2144 circumfodiendi
873 2096 1057 2143 arbores
1097 2095 1213 2141 ratio
1248 2093 1296 2139 in
1326 2091 1520 2140 circuitu

245 2173 379 2236 pedes
409 2172 456 2218 in
481 2172 639 2218 orbem
667 2185 840 2218 ternos:
866 2186 1014 2234 neque
1041 2169 1088 2215 id
1111 2168 1160 2214 in
1181 2168 1316 2231 pratis
1333 2203 1348 2226 ,
1376 2184 1523 2231 quan--

247 2245 309 2291 do
334 2260 487 2290 amore
516 2243 632 2289 Solis
650 2241 940 2305 humorisque
959 2241 1005 2287 in
1022 2240 1190 2287 summa
1209 2240 1367 2286 tellure
1389 2239 1521 2286 ober-

248 2328 359 2362 rant.
395 2318 451 2362 Et
480 2315 533 2362 de
569 2315 803 2361 arboribus
836 2315 934 2360 haec
969 2312 1152 2375 quidem
1181 2311 1352 2359 fructus
1380 2309 1519 2373 gratia

248 2388 440 2436 serendis
472 2386 795 2450 inserendisque
830 2386 877 2432 in
913 2384 1171 2431 universum
1201 2384 1286 2430 fint
1315 2382 1436 2429 dieta.

313 2462 511 2509 XXXII.
550 2461 667 2508 Hinc
697 2458 826 2506 restat
855 2475 1007 2507 earum
1037 2456 1180 2516 ratio,
1210 2471 1311 2521 quae
1334 2463 1520 2518 propter
