1653 2797
265 140 563 189 Nassum
600 143 910 207 msto-1³2.
948 145 1079 190 tta.
1124 145 1306 191 >zvis
1362 165 1422 206 92,

135 263 397 303 montanam
429 250 614 312 spissam.
650 248 776 294 Folia
799 266 950 296 earum
975 250 1185 310 jumentis
1212 254 1421 299 mortite-

134 338 182 369 ra
200 360 215 379 ‚
237 318 401 391 ceteriss'
426 319 750 367 ruminantium
768 320 983 385 vinnocua
998 359 1010 379 ,
1031 325 1182 371 Graeci
1205 325 1420 387 prodide-⁴

133 411 195 447 re.
236 398 286 441 ln
313 392 465 449 Italia,
485 407 568 438 nec
587 389 800 452 jumentis·
829 406 1013 441 nocent.
1051 395 1227 441 Contra
1246 395 1421 460 serpen-

134 480 199 528 tes
237 483 350 515 vero
396 465 531 531 succo
569 464 772 527 expresso
814 466 868 511 ad
904 478 1097 530 potum,
1126 471 1176 521 &
1214 461 1422 532 imposita

134 538 420 595 hulceribus,
454 536 658 600 opifera,
691 554 741 584 ac
778 537 892 583 nihil
928 554 1087 602 aeque,
1119 542 1421 624 reperiuntur.

134 609 370 676 Tantaque
408 609 470 656 est
499 610 600 668 vis,
628 621 678 656 ut
706 627 762 659 ne
791 604 1026 663 matutinas
1059 602 1268 676 quidem,
1299 617 1423 662 occi-

132 681 345 734 dentesve
386 684 592 742 umbras,
629 700 735 730 cum
775 682 878 734 sunt
914 678 1422 750 longiffimae‚1erpets

130 758 305 806 arboris
351 757 444 820 ejus
483 757 697 820 attingffat
733 755 847 802 adeo
890 750 1028 828 ipsam
1067 723 1229 826 proctil
1266 753 1420 823 fugiat.

129 829 317 914 Experti
342 829 606 893 prodimus:
634 828 666 873 fi
692 822 852 874 fronde
879 845 930 874 ea
951 847 1158 895 gyroque
1189 800 1420 879 claudatur

129 905 247 969 ignis
287 905 336 951 ὅ(
366 901 572 965 serpens,
602 901 649 948 in
679 902 802 966 ignes
832 902 1015 963 potius,
1043 919 1177 966 quam
1205 903 1250 952 in
1278 903 1419 950 frmi-

132 996 242 1036 num
274 976 425 1039 fugere
463 975 721 1037 serpentem.
775 974 891 1020 Mira
927 987 1097 1022 naturae
1137 975 1417 1040 benignitas,

131 1049 254 1112 prius
290 1063 426 1110 quam
457 1045 525 1091 hae
563 1045 810 1115 prodeant,
848 1044 1011 1094 florere
1047 1047 1299 1105 fraxinum,
1332 1065 1417 1100 nec

130 1133 234 1177 ante
263 1118 469 1166 conditas
502 1116 612 1164 folia
645 1112 884 1167 dimittere

217 1194 372 1243 XXV.
415 1194 466 1237 In
503 1191 598 1238 tilia
636 1208 728 1237 mas
759 1193 809 1239 δέ
845 1187 1011 1238 femina
1041 1192 1252 1241 differunt
1287 1188 1416 1242 omni

129 1270 287 1317 modo.
322 1269 528 1329 Namque
559 1268 609 1312 &
629 1267 832 1315 materies
859 1268 968 1312 mari
1001 1268 1107 1314 dura
1125 1267 1412 1332 srttfiorqtte,

130 1363 182 1399 ac
212 1341 409 1399 nodosa,
429 1343 477 1388 &
499 1340 767 1387 odoratior:
800 1354 959 1398 cortex
989 1350 1173 1405 quoque
1201 1343 1415 1400 crafiior,

129 1434 183 1464 ac
217 1414 435 1461 detractus
471 1411 746 1458 inflexibilis.
779 1413 878 1463 Nec
911 1412 1058 1458 semen
1090 1413 1199 1471 fert,
1227 1412 1302 1460 aut
1321 1414 1412 1461 flo-

126 1508 253 1546 rem,
269 1500 320 1537 ut
343 1485 509 1533 femina
526 1522 538 1544 ‚
561 1503 662 1549 quae
690 1484 870 1532 craffior
894 1486 1054 1533 arbore
1068 1522 1080 1544 ‚
1099 1488 1280 1533 materie
1302 1505 1411 1535 can-

124 1564 229 1612 dida
247 1559 592 1625 praecellensque
614 1557 689 1606 est.
723 1558 891 1607 Mirum
911 1559 958 1605 in
977 1559 1058 1607 hac
1077 1561 1237 1606 arbore
1252 1597 1265 1619 ,
1285 1560 1408 1608 fruc-

125 1650 222 1691 tum
250 1653 275 1682 a
304 1628 430 1680 nullo
460 1631 723 1678 animalium
744 1632 934 1695 attingi:
962 1631 1180 1680 foliorum
1208 1634 1414 1681 corticis-

126 1727 214 1775 que
237 1708 419 1755 succum
445 1706 529 1758 effe
562 1705 754 1766 dulcem..
787 1708 906 1752 Inter
927 1706 1144 1753 corticem
1168 1724 1219 1753 ac
1241 1708 1410 1771 lignum

127 1797 283 1834 tenues
307 1783 472 1830 tunicae
502 1781 744 1843 multiplici
766 1781 1050 1838 membrana,
1076 1797 1098 1826 e
1120 1780 1282 1844 quibus
1301 1780 1410 1826 vin-

128 1855 230 1909 cula
262 1854 371 1901 tiliae
405 1863 658 1900 vocantur:
696 1852 959 1899 tenuiffimae
996 1869 1147 1898 earum
1182 1850 1410 1914 philyrae,

128 1945 403 1977 coronarum
429 1926 649 1973 lemniscis
676 1927 871 1974 celebres
891 1963 905 1984 ‚
935 1927 1225 1989 antiquorum
1255 1925 1409 1971 hono—

128 2020 191 2050 re.
217 2001 422 2050 Materies
446 1999 690 2046 teredinem
718 2017 814 2046 non
834 1999 992 2055 sentit,
1013 1999 1284 2062 proceritate
1305 2015 1407 2060 per—

128 2092 265 2139 quam
298 2073 509 2131 modica,
536 2089 697 2121 verum
726 2072 824 2119 utili
812 2089 861 2119 ’.5

208 2147 381 2194 XXVI.
419 2147 534 2192 Acer
567 2144 762 2206 ejusdem
797 2144 888 2192 fere
924 2138 1261 2207 amplitudinis,
1296 2161 1409 2206 ope-

128 2237 228 2277 rum
251 2219 470 2283 elegantia
496 2236 547 2266 ac
569 2217 811 2266 subtilitate
843 2218 957 2265 citro
988 2184 1410 2265 tecundum.Pli1rt

127 2291 225 2354 ejus
251 2307 426 2354 genera.
461 2291 624 2337 Album
653 2291 778 2354 quod
807 2290 1024 2353 praecipui
1055 2291 1292 2347 candoris,
1318 2306 1408 2336 νοό

128 2378 256 2414 catur
273 2363 522 2421 Gallicum,
542 2366 589 2410 in
607 2363 922 2427 Transpadana
942 2364 1092 2422 Italia,
1114 2362 1318 2424 transque
1339 2363 1408 2407 Al-

126 2452 207 2498 pes
232 2434 426 2484 nascens.
461 2435 664 2484 Alterum
690 2453 828 2502 genus
859 2435 1004 2500 crispo
1026 2435 1298 2507 maculartgm
1319 2433 1407 2487 dis«

1015 2512 1056 2554 G
1091 2525 1115 2553 2.
