1653 2797
262 160 364 214 “3534
518 149 584 195 C.
626 143 880 195 1³1]er
931 144 1312 200 S'ECUNDI

267 258 448 307 modice
462 293 475 314 ‚
493 256 631 320 nigris
655 255 861 305 inhiberi.
883 259 940 305 Et
970 273 1073 304 cum
1093 258 1280 306 brassica
1298 269 1557 326 corrumpa-

267 345 341 378 tur
370 332 414 375 in
441 330 569 376 doiio
591 329 690 376 vini
721 328 879 394 sapor)
910 330 1055 378 odore
1083 330 1198 378 betae
1222 331 1345 379 foliis
1380 333 1556 382 demer-

266 404 321 451 ᾗς
353 403 537 450 restitui.

332 478 449 524 XLI.
489 493 524 522 1.
556 475 672 522 Olus
704 473 964 537 caulesque,
993 475 1158 538 quibus
1180 493 1303 525 nunc
1330 477 1558 543 principa-

256 564 339 597 «tus
366 549 606 596 hortorum
625 584 639 606 ‚
660 548 777 611 apud
798 550 986 594 Graecos
1017 547 1064 593 in
1094 548 1274 596 honore
1302 549 1426 598 fuiss'e
1460 565 1558 600 non

254 622 461 685 treperio.
491 622 575 668 Sed
597 622 716 667 Cato
740 620 937 667 brafficae
961 619 1096 666 miras
1116 621 1237 668 canit
1253 622 1403 671 laudes
1418 659 1432 683 ‚
1449 641 1558 688 quas

268 695 315 741 in
332 694 550 741 medendi
576 694 684 739 loco
711 692 963 738 reddemus.
994 692 1172 739 Genera
1195 692 1291 755 ejus
1313 694 1420 743 facit
1443 697 1527 744 tria
1543 715 1559 746 :

263 782 404 812 unam
433 764 625 811 extentis
651 762 772 809 foliis
789 799 804 821 ,
825 763 952 809 caule
974 779 1163 827 magno:
1190 765 1377 814 alteram
1404 768 1557 833 crispo

260 840 384 886 *folio
405 876 418 898 ‚
436 855 578 902 quam
599 837 805 900 apianam
825 848 966 884 vocat
986 855 996 883 ε
1025 837 1201 884 tertiam
1233 840 1417 888 minutis
1448 860 1557 889 cau-

266 915 384 961 libus
400 912 574 971 ,lenem
587 947 600 969 ‚
621 924 819 956 teneram
838 945 852 968 ,
865 910 1141 975 minimeque
1159 913 1336 975 probat.
1367 911 1559 964 Braffica

257 999 372 1033 >toto
393 1001 514 1031 anno
535 983 716 1041 seritur,
738 983 955 1047 quoniam
974 985 1024 1031 &
1045 997 1148 1032 toto
1172 985 1361 1035 secatur.
1395 989 1558 1036 Utilis·-

259 1060 375 1107 ·s1me
411 1072 560 1104 tamen
598 1057 652 1102 ab
685 1055 961 1119 aequinoctio
995 1057 1227 1105 autumni:
1262 1060 1558 1108 transfertur-

258 1149 388 1196 que,
410 1148 512 1177 cum
541 1129 741 1194 quinque
783 1127 1004 1175 foliorum
1038 1129 1113 1176 est.
1153 1131 1326 1194 Cymas
1360 1149 1386 1178 a
1413 1133 1558 1196 prima

258 1204 464 1252 :sectione
491 1201 668 1265 prae‘stat
702 1200 917 1264 proximo
944 1218 1065 1249 vere.
1100 1201 1187 1249 Hic
1204 1202 1267 1249 est
1287 1202 1467 1267 quidam
1486 1204 1559 1269 ip·-

269 1281 424 1327 sorum
461 1277 656 1325 caulium
694 1276 932 1323 delicatior
969 1276 1262 1341 teneriorque
1294 1277 1558 1331 cauliculus.

266 1352 419 1416 Apicii
445 1351 662 1410 luxuriae,
689 1353 738 1398 &
767 1366 847 1413 per
878 1366 980 1395 eum
1007 1349 1162 1397 Druso
1195 1350 1362 1397 Caesari
1389 1350 1558 1399 fastidi·

269 1437 340 1471 tus
360 1461 373 1483 ‚
400 1441 496 1470 non
527 1423 617 1470 fine
645 1421 933 1486 castigatione
954 1421 1126 1468 Tiberii
1152 1421 1301 1485 patris.
1337 1423 1441 1470 P-ost
1468 1441 1558 1488 cy·-

270 1514 389 1543 mam
424 1513 479 1541 ex
509 1496 663 1541 eadem
693 1495 878 1541 braffica
907 1495 1182 1559 contingunt
1208 1494 1351 1543 aestivi
1373 1507 1558 1544 autum-

266 1566 479 1630 nalesque
498 1566 705 1612 cauliculi
723 1601 735 1618 ,
755 1582 865 1610 mox
884 1565 1059 1611 hiberni
1076 1601 1089 1623 ‚
1107 1565 1360 1629 iterumque
1381 1585 1526 1632 cymae
1540 1603 1556 1628 ,

265 1640 400 1687 nullo
435 1655 616 1701 aequeU
591 1653 749 1683 venere
780 1634 1044 1692 multiferO,
1076 1636 1222 1683 donec
1247 1637 1322 1683 sua
1346 1637 1556 1686 fertilita-

268 1728 313 1760 1e
342 1720 645 1760 contumatur
682 1708 837 1755 Tertia
870 1708 986 1754 circa
1007 1706 1266 1755 solstitium.
1297 1726 1353 1755 ex
1384 1726 1501 1774 qua,
1521 1713 1555 1759 fi

265 1783 503 1832 ‘humidior
541 1782 668 1828 locus
703 1779 795 1838 est,
839 1781 1010 1827 aestate:
1042 1780 1074 1827 fi
1110 1764 1299 1840 ficcior,
1332 1794 1555 1832 autumno

269 1858 511 1921 plantatur.
550 1856 726 1901 Humor
754 1852 972 1917 fimusque
996 1853 1028 1899 fi
1055 1853 1267 1912 defuere,
1305 1854 1453 1917 major
1485 1857 1554 1905 sa-

271 1932 397 1995 poris
436 1931 572 1995 gratia
603 1928 664 1975 est
684 1946 713 1992 τ’
734 1927 766 1974 fi
791 1927 1114 1986 abundavere,
1148 1927 1296 1975 laetior
1326 1928 1555 1980 fertilitas.

270 2005 445 2053 Fimum
479 2004 698 2051 asininum
721 2002 915 2048 maxime
951 1999 1186 2047 convenit.

336 2096 378 2125 2.
400 2077 472 2124 Est
501 2079 597 2124 haec
629 2092 815 2141 quoque
840 2091 909 2121 res
935 2074 1050 2120 inter
1070 2089 1208 2136 opera
1232 2090 1409 2138 ganeaet
1435 2092 1550 2140 qua-

269 2164 460 2219 propter
484 2167 580 2197 non
610 2150 777 2213 pigebit
796 2148 1029 2197 verbosius
1047 2146 1262 2210 persequi.
1297 2148 1552 2212 Praecipuus

271 2226 322 2273 fit
357 2224 493 2272 caulis
519 2223 674 2286 sapore
704 2240 753 2269 ac
775 2221 1082 2285 magnitudine
1097 2257 1114 2278 ,
1133 2220 1325 2282 primum
1346 2222 1550 2268 omnium

271 2301 304 2347 si
326 2301 371 2346 in
391 2296 657 2363 repastinato
684 2298 796 2348 seras
814 2315 823 2343 :
849 2295 949 2342 dein
970 2295 1000 2342 fi
1022 2306 1184 2341 terram
1206 2295 1424 2360 fugientes
1446 2313 1549 2344 cau·

270 2374 434 2420 liculos
458 2371 572 2419 seces
590 2407 603 2430 ‚
634 2389 659 2418 a
690 2384 894 2433 terraque
922 2370 1177 2416 attollentes
1207 2369 1249 2416 se
1277 2368 1549 2432 proceritate

270 2445 500 2494 luxuriosa
520 2444 830 2508 exaggerando
850 2441 979 2489 aliam
1000 2441 1274 2501 accumules,
1296 2441 1354 2488 ita
1373 2457 1430 2487 ne
1449 2440 1548 2504 pius
