1653 2797
254 191 1042 241 NATUR.H18TOR.L113.
1092 196 1246 242 XVI.
1320 211 1408 259 129

124 301 274 361 scens,
305 300 498 348 teredini
525 298 756 345 obnoxia:
785 316 925 362 quare
955 301 1125 366 semper
1154 305 1406 368 amputabi-

124 391 212 426 tur.
243 375 398 424 Subest
429 375 534 422 huic
568 390 698 432 cai-0,
729 373 803 421 cui
841 375 965 421 offa:
999 377 1044 422 id
1081 378 1174 436 est,
1212 378 1410 424 materiae

125 454 364 517 optimum.
383 449 623 496 Alternant
645 447 810 495 fruE'tus
822 485 838 506 ‚
857 449 1018 513 quibus
1037 451 1193 498 siccius
1213 452 1409 516 lignum,

124 539 174 572 ut
203 526 336 571 olea:
372 523 513 588 magis
539 540 675 587 quam
709 521 872 585 quibus
906 522 1142 570 carnosum
1161 560 1174 582 ,
1206 537 1255 570 ut
1287 541 1410 572 cera-

125 599 207 646 sus.
237 597 336 643 Nec
354 595 566 642 omnibus
584 596 735 659 adipes
756 595 970 643 carnesve
997 596 1128 660 largae
1144 634 1157 655 ‚
1182 598 1308 644 sicuti
1327 614 1411 644 nec

120 671 376 721 animalium
394 671 633 718 acerrimis.
670 670 892 715 Neutrum
913 669 1076 715 habent
1101 669 1245 716 buxus
1261 706 1273 727 ‚
1304 688 1407 718 cor-

124 759 233 802 nus,
255 743 355 790 olea
377 761 388 789 ε
422 759 505 789 nec
533 740 775 788 medullam
799 741 1128 805 minimumque
1155 741 1288 788 etiam
1315 741 1412 788 san-

123 815 297 882 guinis:
329 816 443 863 ficut
471 814 563 861 oss'a
592 830 689 860 non
717 814 884 860 habent
909 812 1064 873 sorba,
1087 831 1269 861 carnem
1298 814 1412 861 sam-

124 893 257 950 buci,
279 891 360 956 (&
384 890 622 954 plurimam
648 889 791 937 ambae
808 887 1104 952 medullam:)
1123 905 1207 936 nec
1230 888 1410 934 arundi-

126 983 204 1013 nes
228 965 410 1026 majore
436 981 495 1011 ex
523 976 661 1026 parte.

190 1040 391 1086 LXXIII.
424 1041 474 1085 In
507 1038 788 1102 quarundam
821 1035 1035 1083 arborum
1070 1037 1278 1085 carnibus
1309 1036 1414 1101 pul-

125 1130 195 1177 pae
227 1129 448 1177 venaeque
479 1111 592 1160 sunt.
627 1111 885 1159 Discrimen
920 1128 1071 1157 earum
1103 1111 1247 1159 facile.
1271 1115 1413 1159 Venae

126 1186 309 1233 latiores
332 1184 701 1249 candidioresque
729 1184 877 1247 pulpae
902 1181 1100 1230 fiffilibus
1118 1183 1280 1231 insunt.
1306 1185 1414 1231 Ideo

127 1260 204 1320 fit,
233 1273 285 1308 ut
315 1277 423 1307 aure
464 1261 518 1306 ad
556 1272 689 1323 caput
722 1259 859 1306 trabis
894 1258 1142 1322 quamlibet
1172 1259 1415 1322 praelongae

127 1335 309 1381 admota
327 1370 340 1393 ‚
371 1334 482 1381 icius
515 1336 570 1381 ab
596 1333 737 1381 altero
765 1333 909 1395 capite
942 1332 1018 1378 vel
1055 1332 1229 1395 graphii
1255 1332 1416 1379 sentia-

127 1420 229 1465 tur,
260 1418 522 1470 penetrante
545 1405 673 1452 τεθεὶς
693 1405 909 1452 meatibus
939 1403 1068 1451 sono.
1102 1406 1234 1451 Unde
1253 1406 1416 1469 depre-

127 1479 370 1539 henditur,
407 1497 463 1527 an
506 1492 628 1526 torta
669 1479 722 1526 sit
762 1479 996 1537 materies,
1038 1479 1257 1542 nodisque
1298 1496 1416 1525 con—

131 1552 230 1599 cisa.
283 1553 462 1614 Quibus
496 1553 596 1600 sunt
621 1554 803 1612 tubera,
825 1553 883 1600 fic
913 1553 1013 1600 sunt
1046 1553 1094 1599 in
1129 1570 1260 1601 carne
1289 1552 1417 1617 glan—

129 1625 214 1672 dia.
244 1627 293 1672 In
333 1625 387 1672 iis
424 1643 507 1672 nec
549 1642 696 1684 vena,
733 1642 816 1672 nec
854 1625 989 1689 pulpa
1011 1662 1023 1683 ,
1057 1626 1255 1689 quodam
1297 1626 1415 1672 callo

129 1696 274 1745 carnis
293 1698 340 1743 in
366 1696 408 1743 se
436 1698 712 1745 convoluto.
750 1700 856 1745 Hoc
885 1699 1244 1761 pertiofiffimum
1274 1699 1320 1745 in
1351 1700 1416 1746 ci-

130 1788 233 1831 tro,
263 1773 314 1820 &
348 1789 491 1819 acere.
536 1773 700 1819 Cetera
734 1771 981 1819 mensarum
1014 1788 1174 1836 genera
1210 1771 1313 1819 fiffis
1345 1790 1419 1819 ar-

130 1844 318 1892 boribus
342 1845 616 1893 circinantur
643 1845 690 1892 in
720 1845 928 1909 pulpam:
958 1845 1131 1909 alioqui
1164 1845 1331 1909 fragilis
1351 1845 1419 1892 es-

131 1917 195 1965 set
230 1934 349 1965 vena
389 1919 437 1965 in
478 1919 638 1966 orbem
683 1918 857 1966 arboris
894 1918 1017 1966 caesa.
1064 1919 1188 1982 Fagis
1222 1919 1421 1981 peclines

131 1992 370 2040 transversi
403 1993 631 2056 infpulpa.
664 1995 799 2057 Apud
838 1995 1049 2057 antiquos
1079 1994 1183 2041 inde
1217 1996 1268 2042 &
1306 1996 1422 2043 vafis

133 2067 297 2113 honos.
324 2067 503 2113 Manius
530 2067 696 2113 Curius
719 2067 888 2129 juravit
905 2066 947 2114 se
971 2084 1027 2114 ex
1050 2069 1199 2131 praeda
1223 2069 1337 2116 nihil
1356 2083 1423 2117 at-

131 2140 305 2204 figline,
340 2153 503 2204 praeter
537 2152 712 2204 guttum
747 2141 975 2205 saginum,
1011 2158 1103 2205 quo
1141 2141 1423 2191 sacrificaret.

134 2216 324 2279 Lignum
357 2213 404 2261 in
439 2214 768 2279 longitudinem
800 2215 1040 2263 fluctuatur
1068 2234 1078 2262 ε
1110 2228 1162 2264 ut
1199 2235 1299 2281 quae
1325 2234 1423 2281 pars

135 2286 220 2333 fuit
243 2286 298 2334 ab
319 2287 494 2346 radice,
515 2287 708 2334 validius
736 2287 849 2334 fidit.
880 2288 1161 2348 Quibusdam
1179 2289 1314 2352 pulpa
1333 2289 1426 2334 fine

136 2360 266 2408 venis
285 2396 299 2420 ,
324 2376 451 2406 mero
482 2360 667 2407 stamine
692 2362 740 2409 &
764 2360 890 2407 tenui
920 2361 1108 2409 constat.
1145 2364 1255 2408 Haec
1278 2362 1423 2408 maxi—

134 2451 206 2481 me
226 2433 380 2481 fiffilia.
421 2435 523 2481 Alia
546 2433 690 2497 frangi
717 2433 935 2481 celeriora
957 2472 971 2494 ,
998 2452 1132 2499 quam
1162 2434 1304 2492 findi,
1326 2436 1428 2499 qui-

139 2508 218 2555 bus
247 2508 381 2572 pulpa
408 2524 504 2555 non
529 2508 619 2555 est:
653 2519 707 2581 ut·
731 2506 870 2567 oleae,
893 2508 1025 2556 vites.
1064 2510 1122 2555 At
1149 2525 1171 2554 e
1195 2509 1428 2558 contrario

202 2585 244 2630 C.
266 2585 382 2630 Plin.
411 2588 508 2630 Vol.
535 2585 622 2630 III.
872 2582 897 2608 *
1122 2583 1141 2627 I
