1653 2797
191 204 480 257 NATUR.
519 204 831 254 HISTOR.
865 208 1000 256 LIB.
1040 207 1213 257 XVII.
1290 225 1369 273 193

99 314 295 361 afflatum
325 316 463 378 magis
499 313 654 371 sentit,
683 315 734 360 &
768 314 954 362 celerius
986 311 1138 364 rorem
1166 316 1373 364 dimittit:

100 387 424 449 pampinationi
455 402 638 449 quoque
669 386 719 432 &
747 387 981 433 occationi
1014 390 1230 454 omnique
1263 408 1377 454 ope-

98 459 138 505 ri
163 458 352 506 facilior.
391 458 531 519 Super
565 468 712 504 cetera
742 456 993 505 deflorescit
1019 461 1185 508 utilius.
1221 464 1379 527 Jugum

96 529 150 575 fit
173 530 364 592 pertica,
387 540 462 573 aut
484 528 726 588 arundine,
753 540 828 575 aut
852 529 997 587 crine,
1019 529 1308 591 funiculove‚
1331 548 1381 581 ut

98 602 146 647 in
168 600 406 663 Hispania,
425 599 759 663 Brundusiique.
797 600 1117 664 Compluviata
1147 605 1380 667 copiosior

95 672 212 720 vino
232 673 315 731 est,
337 673 450 718 dicta
476 689 497 718 a
521 673 646 719 cavis
674 672 836 719 aedium
859 673 1150 736 compluviis.
1189 677 1381 723 Dividi-

96 756 169 791 tur
193 745 241 790 in
264 756 499 807 quaternas
519 757 665 808 partes
684 745 875 791 totidem
895 744 1024 810 jugis.
1058 747 1203 810 Hujus
1233 748 1380 795 seren-

97 819 145 865 di
170 817 287 864 ratio
309 817 481 864 dicetur
496 853 509 875 ‚
529 818 683 864 eadem
700 818 896 865 valitura
913 819 961 865 in
978 821 1104 867 omni
1125 838 1312 885 genere,
1333 825 1382 870 in

97 891 190 939 hoc
221 907 334 938 vero
368 890 659 951 numerosior·
684 902 872 940 tantum.

179 981 223 1024 7.
254 963 335 1008 His
366 979 479 1008 vero
517 962 658 1008 tribus
698 962 856 1009 seritur
890 963 1068 1011 modis:
1108 964 1293 1029 Optime
1335 964 1383 1012 in

97 1039 316 1103 pastinato
337 1073 351 1095 ‚
376 1037 584 1099 proxime
611 1037 658 1082 in
688 1036 816 1083 sulco
830 1073 845 1096 ,
868 1037 1110 1084 noviffime
1140 1039 1188 1084 in
1210 1038 1381 1086 scrobe.

97 1112 171 1157 De
191 1107 486 1172 pastinatione
516 1106 681 1153 dietum
700 1108 775 1154 est.
809 1108 945 1154 Sulco
974 1108 1165 1155 latitudo
1185 1109 1296 1172 palae
1316 1108 1383 1155 sa-

97 1182 156 1229 tis
195 1179 288 1227 est:
323 1179 554 1226 scrobibus
590 1193 826 1227 ternorum
867 1181 1033 1244 pedum
1072 1182 1120 1227 in
1157 1199 1382 1245 quamque

96 1265 283 1317 partem.
314 1251 519 1298 Altitudo
554 1252 601 1298 in
629 1267 906 1314 quocunque
934 1269 1095 1316 genere
1129 1254 1382 1317 tripedalis,

97 1327 203 1373 ideo
246 1341 328 1371 nec
364 1322 473 1371 vitis
511 1324 665 1370 minor
700 1325 929 1372 transferri
971 1326 1131 1385 debet,
1164 1327 1408 1375 exstatura.

97 1398 342 1445 etiamnum
374 1396 543 1443 duabus
576 1395 775 1458 gemmis.
807 1395 1015 1443 Emolliri
1040 1409 1201 1444 terram
1230 1399 1380 1445 minu*-

96 1469 153 1516 tis
178 1468 224 1514 in
242 1467 399 1515 scrobe
417 1467 509 1514 imo
528 1466 659 1513 sulcis
674 1501 689 1522 ‚
721 1465 922 1530 fimoque
949 1467 1153 1527 misceri,
1182 1470 1378 1517 neceffa-

95 1542 227 1589 rium.
267 1540 455 1589 Clivosa
486 1540 672 1587 altiores
702 1539 895 1602 poscunt
926 1539 1108 1587 scrobes
1129 1578 1144 1599 ,
1170 1555 1383 1605 praeterea

96 1611 346 1677 pulvinatis
375 1629 399 1657 a
427 1611 680 1658 devexitate
703 1611 851 1658 labris.
888 1613 986 1672 Qui
1019 1629 1075 1659 ex
1097 1613 1162 1660 his
1192 1614 1378 1678 longio⁴

95 1704 166 1735 res
201 1685 343 1744 fient,
368 1698 418 1732 ut
452 1685 568 1733 vites
599 1686 724 1733 binas
762 1685 987 1748 accipiant
1016 1704 1040 1733 e
1069 1686 1279 1746 diverso,
1310 1688 1377 1734 al·

95 1760 172 1808 vei
196 1759 495 1807 vocabuntur.
525 1758 622 1805 Effe
647 1757 755 1804 vitis
777 1758 972 1805 radicem
997 1759 1043 1805 in
1070 1760 1222 1806 medio
1248 1760 1372 1806 sero—³

95 1836 151 1882 be
182 1845 392 1897 oportet:
425 1832 497 1879 sed
523 1832 662 1896 ipsam
680 1832 885 1878 innixam
909 1831 1054 1880 solido
1082 1834 1129 1879 in
1152 1833 1374 1881 orientem

97 1906 455 1970 aequinoctialem
488 1904 702 1968 spectare:
729 1905 1001 1953 adminicula
1028 1906 1170 1969 prima
1202 1924 1226 1953 e
1256 1906 1375 1954 cala-

98 1993 176 2024 mo
202 1992 417 2038 acc1pere.

161 2051 327 2097 Vineas
355 2050 536 2097 limitari
571 2051 820 2098 decumano
852 2065 987 2096 xvm
1021 2051 1183 2114 pedum
1218 2051 1372 2100 latitu-

98 2124 213 2171 dinis
243 2124 298 2170 ad
325 2124 577 2171 contrarios
601 2124 916 2171 vehiculorum
941 2123 1167 2182 transitus,
1192 2126 1375 2189 aliisque

99 2194 355 2243 transversis
398 2196 610 2242 limitibus
655 2197 820 2242 densim
849 2196 1016 2258 pedum
1053 2196 1261 2261 distingui
1295 2215 1375 2261 per

96 2269 242 2315 media
272 2266 434 2331 jugera.
470 2271 561 2316 Aut
587 2269 618 2315 fi
637 2268 783 2331 major
808 2269 968 2315 modus
988 2269 1063 2326 fit,
1084 2270 1273 2317 totidem
1293 2289 1375 2334 pe-

99 2342 207 2388 dum
249 2341 454 2398 cardine,
490 2352 604 2404 quot
643 2343 922 2401 decumano,
959 2343 1151 2390 limitari.
1193 2345 1374 2406 Semper

98 2434 215 2465 vero
251 2415 474 2480 quintanis
499 2414 727 2474 seminari,
756 2416 847 2463 hoc
878 2416 970 2475 est,
990 2429 1041 2462 ut
1058 2417 1219 2479 quinto
1251 2432 1371 2480 quo-

95 2506 184 2554 que
209 2489 316 2553 palo
342 2488 523 2552 fingulae
550 2488 660 2553 jugo
691 2491 865 2554 paginae
895 2491 1197 2538 includantur.

158 2566 201 2612 C.
236 2566 353 2611 Plin.
384 2567 481 2611 Vol.
513 2564 600 2609 III.
896 2567 921 2590 ⁴*
1097 2564 1142 2609 N
