1653 2797
188 202 273 238 izo
469 183 810 231 C.PLINII
848 181 1215 233 SECUNDI

183 292 233 346 &
271 291 451 340 femina.
500 289 652 353 Major
685 290 876 337 traditur
903 307 996 338 mas
1031 307 1256 354 corpore,
1277 292 1327 340 &
1345 291 1464 340 folio

180 365 365 412 duriore
393 364 526 410 etiam
556 380 607 409 ac
637 362 906 427 pinguiore,
929 364 978 409 &
1004 362 1118 409 flore
1142 362 1195 409 ad
1221 380 1467 426 purpuram

178 437 434 489 accedente.
460 435 700 499 Utriusque
727 447 877 482 autem
900 435 986 482 flos
1004 436 1155 483 similis
1174 436 1234 483 est
1251 435 1364 483 rosae
1389 436 1464 482 sil-

177 509 342 568 vestri,
371 509 450 560 nifi
483 509 608 572 quod
646 520 767 558 caret
795 509 955 554 odore.
988 508 1166 571 Species
1193 509 1357 555 horum
1388 525 1466 573 ge-

176 597 340 627 nerum
362 593 463 629 tres.
503 579 577 627 Est
600 580 721 627 enim
743 579 955 638 candida,
976 581 1026 628 &
1050 580 1176 644 nigra
1201 582 1355 638 edera,
1373 594 1467 628 ter-

175 654 330 717 ziaque
349 671 450 718 quae
472 665 669 704 vocatur
693 652 829 699 helix.
857 652 1113 699 Etiamnum
1130 653 1198 700 hae
1216 653 1380 718 species
1400 655 1466 701 di·

176 728 402 775 viduntur
429 726 476 789 in
508 726 644 773 alias:
677 725 897 788 quoniam
926 725 988 771 est
1015 726 1165 789 aliqua
1193 726 1340 775 fructu
1361 740 1464 775 tan—

177 814 276 848 tum
309 799 494 848 candida
511 835 524 856 ‚
551 800 634 845 alia
661 801 710 846 &
735 798 852 844 folio
879 816 889 846 :
916 797 1111 846 suffitum
1139 817 1321 863 quoque
1357 819 1467 849 can-

176 875 333 922 didum
365 872 602 919 ferentium
634 871 730 917 aliis
763 870 919 922 densus
948 873 1128 931 acinus,
1150 874 1199 920 &
1226 875 1466 937 grandior,

179 948 370 995 racemis
405 946 452 991 in
485 945 644 990 orbem
677 943 987 1003 circumaffis,
1012 945 1090 1009 qui
1119 958 1348 997 vocantur
1383 964 1469 994 co-

179 1019 346 1083 rymbi.
386 1019 497 1064 Item
531 1016 807 1075 selenstium,
839 1015 964 1078 cujus
993 1016 1054 1063 est
1088 1018 1241 1063 minor
1277 1018 1467 1078 acinus,

178 1092 371 1154 sparsior
398 1106 616 1136 racemus.
653 1088 796 1135 Simili
828 1089 969 1135 modo
998 1089 1045 1136 in
1074 1090 1211 1154 nigra.
1249 1092 1398 1139 Alicui
1417 1094 1468 1139 δε

176 1165 327 1212 semen
356 1164 534 1226 nigrum
552 1198 565 1219 ,
587 1163 663 1209 alii
688 1173 950 1209 crocatum:
983 1161 1108 1224 cujus
1135 1163 1320 1211 coronis
1350 1166 1466 1211 Poe-

178 1254 237 1287 1ae
283 1250 502 1294 utuntur,
533 1235 655 1282 foliis
691 1235 842 1281 minus
888 1235 1027 1298 nigris
1056 1252 1068 1282 :
1113 1252 1248 1299 quam
1283 1237 1463 1299 quidam

176 1313 398 1376 Nysiam,
443 1311 517 1358 alii
562 1309 831 1357 Bacchicam
872 1321 1079 1369 vocant,
1110 1310 1317 1356 maximis
1350 1310 1469 1357 inter

178 1386 328 1448 nigras
350 1384 598 1448 corymbis.
640 1383 841 1443 Quidam
869 1382 989 1444 apud
1008 1384 1197 1430 Graecos
1221 1384 1467 1431 etiamnum

178 1458 272 1504 duo
316 1474 477 1520 genera
516 1455 645 1515 hujus
693 1454 893 1513 faciunt,
924 1472 949 1501 a
993 1455 1150 1503 colore
1188 1457 1464 1509 acinorum:

179 1530 502 1594 erythranum,
530 1530 580 1575 &
617 1525 985 1590 chrysocarpum.
1272 1543 1278 1547 ⁵

244 1601 460 1651 Plurimas
495 1612 643 1647 autem
679 1599 813 1645 habet
851 1599 1118 1649 differentias
1157 1593 1312 1662 helix,
1341 1622 1466 1669 quo-

181 1674 302 1722 niam
325 1671 440 1717 folio
466 1670 658 1717 maxime
685 1670 827 1717 distat,
863 1672 1006 1719 Parva
1024 1671 1123 1720 sunt
1151 1676 1202 1721 &
1224 1675 1466 1739 angulosa,

178 1744 597 1806 concfflnioraque,
617 1761 720 1791 cum
750 1743 1029 1808 reliquorum
1058 1763 1270 1810 generum
1295 1748 1466 1811 fimpli-

180 1822 250 1868 cia
268 1821 364 1866 sint.
383 1817 533 1865 Distat
557 1820 606 1865 &
627 1816 908 1880 longitudine
927 1818 1295 1867 internodiorum
1314 1840 1324 1868 :
1345 1838 1466 1884 prae-

179 1892 310 1953 cipue
328 1902 477 1936 tamen
503 1888 731 1935 sterilitate
747 1923 762 1946 ,
781 1889 998 1951 quoniam
1031 1888 1223 1937 fule-lum
1246 1908 1342 1937 non
1366 1891 1463 1955 gig-

180 1965 261 2011 nit.
300 1964 500 2023 Quidam
529 1962 620 2009 hoc
658 1961 797 2007 aetatis
835 1961 945 2020 effe,
976 1979 1071 2009 non
1107 1963 1279 2026 generis
1309 1964 1467 2011 existi-

182 2051 333 2087 mant:
369 2038 609 2100 primoque
637 2036 829 2082 helicem
862 2035 969 2094 effe,
996 2035 1092 2082 fier-i
1119 2037 1294 2084 ederam
1327 2050 1467 2086 vetu-

180 2111 302 2157 state.
343 2111 521 2155 Horum
543 2125 687 2172 ‘error
721 2106 979 2155 manifestus
1012 2109 1309 2173 intelligitur:
1339 2126 1464 2174 quo-

181 2183 301 2229 niam
328 2182 482 2228 helicis
502 2182 629 2244 plura
656 2197 816 2243 genera
838 2180 1146 2242 reperiuntur,
1167 2180 1240 2227 sed
1257 2182 1342 2228 tria
1368 2200 1464 2230 nia-2

184 2257 306 2303 xime
342 2255 558 2319 insignia:
595 2255 809 2301 herbacea
840 2271 892 2300 ac
927 2253 1105 2312 virens,
1135 2272 1236 2318 quae
1271 2254 1462 2318 plurima

180 2332 243 2378 est
265 2351 274 2378 :
307 2332 442 2378 altera
472 2330 665 2377 candido
686 2329 801 2375 folio
824 2348 833 2374 ε
867 2329 993 2374 tertia
1011 2366 1023 2385 ‚
1043 2330 1308 2377 verficolori
1322 2365 1335 2388 ‚
1356 2346 1462 2392 quae-

182 2404 377 2450 Thracia
396 2416 603 2451 vocatur.
632 2402 883 2448 Etiamnum
910 2402 1136 2449 herbacea:
1164 2401 1370 2448 tenuiora
1387 2400 1462 2447 fo·-

179 2475 236 2525 lia
253 2511 266 2534 ,
287 2476 399 2528 &in
419 2475 625 2524 ordinem
654 2474 839 2539 digesta,
858 2474 1163 2539 deniioraque.
1186 2476 1237 2524 In
1259 2473 1349 2521 alio
1379 2490 1460 2537 ge=
