1653 2797
138 150 225 201 166
405 152 462 199 C.
507 150 759 198 PLINII
807 150 1179 200 SECUND1

130 259 176 308 la
211 260 258 306 in
292 259 445 322 argilla
491 256 620 305 molli
660 256 893 304 meridiem
916 255 1136 319 spefiante
1165 255 1245 304 seri
1276 256 1419 320 juben

135 333 345 380 Gaudere
377 334 427 379 &
457 333 590 391 dura,
626 331 853 394 calidaque
892 346 1038 377 terra:
1072 331 1119 376 in
1158 330 1314 394 pingui
1343 343 1419 378 aut

130 405 318 453 humida
335 404 482 462 mori,
513 421 564 451 ac
586 402 864 450 sterilescere.
897 403 1110 449 Serendas
1128 419 1263 465 quam
1280 402 1420 450 maxi-

129 496 203 528 me
233 478 414 525 falcatas
449 479 501 525 &
526 494 551 524 e
577 475 790 535 novella,
813 474 1015 539 fimoque
1047 475 1191 522 diluto
1219 492 1421 523 macera-

132 565 198 599 tas
233 570 314 616 per
347 552 547 598 triduum
566 587 579 608 ‚
608 563 682 598 aut
715 550 857 615 pridie
885 567 1017 613 quam
1049 551 1250 598 serantur
1268 587 1282 609 ,
1309 567 1425 615 aqua

132 625 286 673 mulsa.
322 626 546 671 Mucrone
581 622 712 688 defigi
735 659 748 679 ‚
785 622 927 669 aciem
965 622 1111 677 lateris
1143 623 1192 669 in
1225 623 1423 687 Aquilo-

132 716 239 745 nem
269 698 494 761 speclare:
523 708 670 742 ternas
706 695 833 741 simul
863 693 1065 741 serendas
1103 695 1322 759 triangula
1348 713 1422 742 ra-

134 773 293 829 tione,
322 771 475 835 palmo
498 770 612 816 inter
642 769 684 815 se
707 768 945 815 distantes:
979 768 1103 814 denis
1134 769 1290 817 diebus
1317 770 1424 816 ada-

133 846 289 909 quari,
311 846 458 890 donec
479 840 786 906 grandescant.
807 841 1043 903 Juglandes
1077 858 1214 888 nuces
1232 858 1428 905 porrec-

136 930 194 964 ta:
228 917 432 963 seruntur
462 914 759 961 commissuriS
790 913 1054 976 jacentibus.
1081 914 1230 962 Pineae
1255 914 1435 966 nucleis

137 991 330 1055 septenis
352 989 442 1035 sere
476 989 522 1034 in
542 989 655 1036 ollas
685 987 933 1051 perforatas
964 988 1148 1036 additis:
1172 1001 1245 1036 aut
1262 1003 1312 1036 ut
1329 989 1427 1036 lau-

137 1081 236 1122 rus,
261 1080 362 1126 quae
395 1061 546 1109 baccis
570 1062 740 1108 seritur.
772 1062 923 1108 Citrea
954 1078 1096 1125 grano
1131 1063 1182 1109 &
1212 1061 1430 1125 propagi-

137 1156 219 1186 ne:
257 1137 387 1185 sorba
425 1136 589 1184 semine
610 1172 624 1193 ‚
651 1137 699 1182 &
727 1152 750 1180 a
778 1135 927 1181 radice
956 1134 1135 1198 planta,
1156 1138 1204 1183 δέ
1227 1131 1429 1182 avulsio-

140 1231 198 1262 ne
233 1212 529 1277 proveniunt.
561 1211 647 1256 Sed
672 1209 748 1256 illa
778 1210 825 1255 in
847 1209 1031 1257 calidis:
1066 1209 1196 1256 sorba
1215 1210 1331 1257 &in
1349 1208 1430 1254 fri·

140 1287 254 1352 gidis
277 1288 327 1334 δι’,
349 1285 559 1332 humidis.

209 1362 313 1407 XII.
342 1361 511 1409 Natura
547 1355 832 1420 &plantaria
869 1352 1194 1400 demonstravit
1215 1389 1228 1412 ‚
1264 1353 1432 1400 multa-

142 1450 247 1480 rum
275 1433 499 1479 radicibus
533 1430 779 1492 pullulante
800 1427 958 1474 sobole
980 1425 1111 1473 densa
1130 1462 1144 1484 ‚
1174 1428 1223 1474 δε
1252 1428 1433 1490 parien-

144 1519 189 1553 te
225 1518 365 1552 matre
385 1540 399 1563 ,
434 1520 544 1566 quas
576 1514 743 1549 enecet.
774 1502 879 1563 Ejus
911 1501 1078 1564 quippe
1111 1501 1271 1548 umbra
1305 1501 1434 1547 turba

144 1577 361 1642 indigesta
391 1575 636 1640 premitur:
675 1586 728 1620 ut
761 1574 807 1619 in
837 1573 1001 1631 lauris,
1035 1573 1216 1621 Punicis
1235 1609 1248 1631 ‚
1287 1573 1433 1635 plata-

145 1651 218 1698 nis
239 1687 252 1709 ‚
281 1651 465 1708 cerasis,
497 1647 665 1711 prunis.
693 1649 947 1695 Paucorum
980 1646 1028 1691 in
1059 1646 1149 1693 hoc
1181 1663 1340 1709 genere
1360 1663 1436 1693 ra-

147 1725 212 1772 mi
247 1735 438 1786 parcunt
474 1721 655 1779 soboli,
690 1734 739 1767 ut
777 1721 1042 1777 ulmorum,
1080 1719 1435 1783 palmarumque.

150 1799 300 1847 Nullis
326 1816 441 1846 vero
473 1797 579 1845 tales
604 1796 763 1859 pulluli
793 1795 1103 1859 proveniunt,
1137 1795 1218 1841 nifi
1249 1812 1437 1858 quarum

149 1873 324 1919 radices
361 1888 515 1917 amore
543 1869 660 1916 Solis
693 1881 826 1932 atque
855 1866 1007 1914 imbris
1035 1867 1082 1913 in
1103 1866 1271 1913 summa
1303 1867 1439 1913 tellu-

152 1962 200 1991 re
234 1944 490 2006 spatiantur.
530 1943 698 1990 Omnia
733 1959 783 1988 ea
815 1959 910 1988 non
945 1940 1091 1987 statim
1128 1940 1271 1987 moris
1305 1939 1366 1986 est
1392 1940 1440 1986 in

152 2018 227 2064 sua
259 2018 434 2076 locari,
472 2017 545 2063 sed
572 2015 693 2080 prius
722 2014 891 2062 nutrici
923 2013 1048 2072 dari,
1079 2025 1210 2076 atque
1233 2012 1280 2058 in
1310 2011 1442 2059 semi-

152 2090 289 2136 nariis
323 2091 604 2147 adolescere,
635 2090 884 2151 iterumque
910 2088 1116 2151 migrare,
1150 2085 1246 2146 Qui
1279 2084 1464 2132 transi-2

153 2176 225 2212 tus
262 2164 428 2211 mirum
453 2164 498 2208 in
525 2163 713 2209 modum
746 2161 920 2225 mitigat
953 2160 1085 2206 etiam
1111 2158 1354 2205 silvestres:
1382 2157 1440 2203 si-

156 2257 217 2287 ve
251 2240 463 2286 arborum
499 2253 712 2301 quoque,
733 2248 780 2282 ut
814 2235 1053 2281 hominum
1077 2245 1265 2290 natura,
1302 2231 1442 2278 novi·

155 2314 257 2362 tatis
305 2331 355 2360 ac
398 2309 771 2376 peregrinationis
802 2309 933 2356 avida
966 2308 1055 2354 est:
1086 2307 1179 2353 five
1210 2305 1440 2353 disceden-

158 2400 224 2434 tes
252 2388 376 2434 virus
400 2388 682 2450 relinquunt,
703 2383 1100 2446 mansuescuntque
1127 2382 1313 2431 traElatu
1327 2417 1342 2440 ,
1360 2396 1442 2427 ceu

157 2459 289 2518 ferae,
327 2460 435 2507 dum
470 2459 610 2506 radici
636 2458 846 2507 avellitur
884 2457 1049 2521 planta.
