<?xml version="1.0" encoding="UTF-8"?>
<!DOCTYPE html PUBLIC "-//W3C//DTD XHTML 1.0 Transitional//EN"
    "http://www.w3.org/TR/xhtml1/DTD/xhtml1-transitional.dtd">
<html xmlns="http://www.w3.org/1999/xhtml" xml:lang="en" lang="en">
 <head>
  <title>
</title>
<meta http-equiv="Content-Type" content="text/html;charset=utf-8" />
  <meta name='ocr-system' content='tesseract 3.04.00' />
  <meta name='ocr-capabilities' content='ocr_page ocr_carea ocr_par ocr_line ocrx_word'/>
</head>
<body>
  <div class='ocr_page' id='page_1' title='image "./caiipliniisecund03plinuoft_0321.png"; bbox 0 0 1653 2797; ppageno 0'>
   <div class='ocr_carea' id='block_1_1' title="bbox 256 163 1432 230">
    <p class='ocr_par' dir='ltr' id='par_1_1' title="bbox 256 163 1432 230">
     <span class='ocr_line' id='line_1_1' title="bbox 256 163 1432 230; baseline -0.002 -14"><span class='ocrx_word' id='word_1_1' title='bbox 256 163 1310 218; x_wconf 75' lang='lat' dir='ltr'>NATUR.H1sToR.L113.XV111.</span> <span class='ocrx_word' id='word_1_2' title='bbox 1345 180 1432 230; x_wconf 75' lang='lat'>313</span> 
     </span>
    </p>
   </div>
   <div class='ocr_carea' id='block_1_2' title="bbox 159 273 1460 1580">
    <p class='ocr_par' dir='ltr' id='par_1_2' title="bbox 159 273 1460 1580">
     <span class='ocr_line' id='line_1_2' title="bbox 163 273 1438 338; baseline -0.001 -15"><span class='ocrx_word' id='word_1_3' title='bbox 163 273 272 335; x_wconf 72' lang='lat' dir='ltr'>hio,</span> <span class='ocrx_word' id='word_1_4' title='bbox 302 277 434 325; x_wconf 55' lang='lat' dir='ltr'>noste</span> <span class='ocrx_word' id='word_1_5' title='bbox 461 276 608 323; x_wconf 90' lang='lat' dir='ltr'>serena</span> <span class='ocrx_word' id='word_1_6' title='bbox 628 274 924 338; x_wconf 83' lang='lat' dir='ltr'>fulguraverit</span> <span class='ocrx_word' id='word_1_7' title='bbox 938 310 953 333; x_wconf 84' lang='lat'>‚</span> <span class='ocrx_word' id='word_1_8' title='bbox 972 286 1160 322; x_wconf 88' lang='lat' dir='ltr'>ventum</span> <span class='ocrx_word' id='word_1_9' title='bbox 1177 277 1228 323; x_wconf 87' lang='lat'>&amp;</span> <span class='ocrx_word' id='word_1_10' title='bbox 1249 275 1438 322; x_wconf 84' lang='lat' dir='ltr'>imbrem</span> 
     </span>
     <span class='ocr_line' id='line_1_3' title="bbox 161 345 1440 411; baseline -0.001 -16"><span class='ocrx_word' id='word_1_11' title='bbox 161 363 221 395; x_wconf 84' lang='lat' dir='ltr'>ex</span> <span class='ocrx_word' id='word_1_12' title='bbox 249 349 402 396; x_wconf 89' lang='lat' dir='ltr'>iisdem</span> <span class='ocrx_word' id='word_1_13' title='bbox 435 345 698 411; x_wconf 86' lang='lat' dir='ltr'>regionibus</span> <span class='ocrx_word' id='word_1_14' title='bbox 724 345 1055 393; x_wconf 87' lang='lat' dir='ltr'>demonstrabit.</span> <span class='ocrx_word' id='word_1_15' title='bbox 1081 347 1310 395; x_wconf 89' lang='lat' dir='ltr'>Tonitrua</span> <span class='ocrx_word' id='word_1_16' title='bbox 1342 363 1440 394; x_wconf 85' lang='lat' dir='ltr'>ma·-</span> 
     </span>
     <span class='ocr_line' id='line_1_4' title="bbox 161 415 1328 481; baseline -0.002 -14"><span class='ocrx_word' id='word_1_17' title='bbox 161 420 310 468; x_wconf 86' lang='lat' dir='ltr'>tutina</span> <span class='ocrx_word' id='word_1_18' title='bbox 340 431 529 468; x_wconf 89' lang='lat' dir='ltr'>ventum</span> <span class='ocrx_word' id='word_1_19' title='bbox 551 415 798 481; x_wconf 76' lang='lat' dir='ltr'>significant</span> <span class='ocrx_word' id='word_1_20' title='bbox 813 452 826 475; x_wconf 91' lang='lat'>‚</span> <span class='ocrx_word' id='word_1_21' title='bbox 856 417 1047 463; x_wconf 86' lang='lat' dir='ltr'>imbrem</span> <span class='ocrx_word' id='word_1_22' title='bbox 1071 419 1328 466; x_wconf 87' lang='lat' dir='ltr'>meridiana.</span> 
     </span>
     <span class='ocr_line' id='line_1_5' title="bbox 228 489 1441 551; baseline -0.002 -11"><span class='ocrx_word' id='word_1_23' title='bbox 228 493 455 540; x_wconf 85' lang='lat' dir='ltr'><strong>LXXXII.</strong></span> <span class='ocrx_word' id='word_1_24' title='bbox 487 492 643 539; x_wconf 82' lang='lat' dir='ltr'>Nubes</span> <span class='ocrx_word' id='word_1_25' title='bbox 673 508 774 539; x_wconf 90' lang='lat' dir='ltr'>cum</span> <span class='ocrx_word' id='word_1_26' title='bbox 807 489 963 537; x_wconf 90' lang='lat' dir='ltr'>sereno</span> <span class='ocrx_word' id='word_1_27' title='bbox 998 491 1113 537; x_wconf 82' lang='lat' dir='ltr'>caelo</span> <span class='ocrx_word' id='word_1_28' title='bbox 1143 491 1350 539; x_wconf 87' lang='lat' dir='ltr'>feruntur</span> <span class='ocrx_word' id='word_1_29' title='bbox 1371 528 1385 551; x_wconf 87' lang='lat'>,</span> <span class='ocrx_word' id='word_1_30' title='bbox 1415 509 1441 538; x_wconf 86' lang='lat' dir='ltr'>a</span> 
     </span>
     <span class='ocr_line' id='line_1_6' title="bbox 162 563 1441 630; baseline 0 -18"><span class='ocrx_word' id='word_1_31' title='bbox 162 582 432 630; x_wconf 86' lang='lat' dir='ltr'>quacunque</span> <span class='ocrx_word' id='word_1_32' title='bbox 469 581 594 629; x_wconf 88' lang='lat' dir='ltr'>parte</span> <span class='ocrx_word' id='word_1_33' title='bbox 636 565 684 612; x_wconf 86' lang='lat' dir='ltr'>id</span> <span class='ocrx_word' id='word_1_34' title='bbox 720 563 830 623; x_wconf 81' lang='lat' dir='ltr'>fiet,</span> <span class='ocrx_word' id='word_1_35' title='bbox 867 563 1176 628; x_wconf 66' lang='lat' dir='ltr'>exspeEtentur</span> <span class='ocrx_word' id='word_1_36' title='bbox 1208 567 1369 614; x_wconf 88' lang='lat' dir='ltr'>venti:</span> <span class='ocrx_word' id='word_1_37' title='bbox 1408 567 1441 612; x_wconf 83' lang='lat' dir='ltr'><strong>fi</strong></span> 
     </span>
     <span class='ocr_line' id='line_1_7' title="bbox 159 637 1441 703; baseline 0 -18"><span class='ocrx_word' id='word_1_38' title='bbox 159 639 323 685; x_wconf 83' lang='lat' dir='ltr'>eodem</span> <span class='ocrx_word' id='word_1_39' title='bbox 346 638 455 685; x_wconf 91' lang='lat' dir='ltr'>loco</span> <span class='ocrx_word' id='word_1_40' title='bbox 477 638 779 703; x_wconf 82' lang='lat' dir='ltr'>globabuntur</span> <span class='ocrx_word' id='word_1_41' title='bbox 795 673 808 696; x_wconf 91' lang='lat'>,</span> <span class='ocrx_word' id='word_1_42' title='bbox 831 637 1220 701; x_wconf 79' lang='lat' dir='ltr'>appropinquante</span> <span class='ocrx_word' id='word_1_43' title='bbox 1239 639 1343 685; x_wconf 88' lang='lat' dir='ltr'>Sole</span> <span class='ocrx_word' id='word_1_44' title='bbox 1369 640 1441 685; x_wconf 83' lang='lat' dir='ltr'>di-</span> 
     </span>
     <span class='ocr_line' id='line_1_8' title="bbox 162 707 1442 774; baseline 0 -16"><span class='ocrx_word' id='word_1_45' title='bbox 162 709 423 759; x_wconf 85' lang='lat' dir='ltr'>scutientur.</span> <span class='ocrx_word' id='word_1_46' title='bbox 456 713 514 758; x_wconf 89' lang='lat' dir='ltr'>Et</span> <span class='ocrx_word' id='word_1_47' title='bbox 531 711 623 758; x_wconf 91' lang='lat' dir='ltr'>hoc</span> <span class='ocrx_word' id='word_1_48' title='bbox 649 710 680 757; x_wconf 87' lang='lat' dir='ltr'>fi</span> <span class='ocrx_word' id='word_1_49' title='bbox 709 710 765 757; x_wconf 92' lang='lat' dir='ltr'>ab</span> <span class='ocrx_word' id='word_1_50' title='bbox 791 709 1018 774; x_wconf 84' lang='lat' dir='ltr'>Aquilone</span> <span class='ocrx_word' id='word_1_51' title='bbox 1042 707 1119 756; x_wconf 85' lang='lat' dir='ltr'>fiat</span> <span class='ocrx_word' id='word_1_52' title='bbox 1140 745 1154 767; x_wconf 92' lang='lat'>,</span> <span class='ocrx_word' id='word_1_53' title='bbox 1185 721 1379 758; x_wconf 85' lang='lat' dir='ltr'>ventos:</span> <span class='ocrx_word' id='word_1_54' title='bbox 1409 711 1442 757; x_wconf 83' lang='lat' dir='ltr'><strong>fi</strong></span> 
     </span>
     <span class='ocr_line' id='line_1_9' title="bbox 160 771 1444 846; baseline -0.001 -16"><span class='ocrx_word' id='word_1_55' title='bbox 160 783 220 830; x_wconf 87' lang='lat' dir='ltr'>ab</span> <span class='ocrx_word' id='word_1_56' title='bbox 253 783 418 831; x_wconf 90' lang='lat' dir='ltr'>Austro</span> <span class='ocrx_word' id='word_1_57' title='bbox 436 821 451 843; x_wconf 87' lang='lat'>‚</span> <span class='ocrx_word' id='word_1_58' title='bbox 482 783 646 830; x_wconf 87' lang='lat' dir='ltr'>imbres</span> <span class='ocrx_word' id='word_1_59' title='bbox 677 771 966 846; x_wconf 69' lang='lat' dir='ltr'>portendent.</span> <span class='ocrx_word' id='word_1_60' title='bbox 1012 781 1115 829; x_wconf 84' lang='lat' dir='ltr'>Sole</span> <span class='ocrx_word' id='word_1_61' title='bbox 1145 782 1382 829; x_wconf 88' lang='lat' dir='ltr'>occidente</span> <span class='ocrx_word' id='word_1_62' title='bbox 1409 783 1444 829; x_wconf 85' lang='lat' dir='ltr'>fi</span> 
     </span>
     <span class='ocr_line' id='line_1_10' title="bbox 161 855 1444 921; baseline -0.001 -17"><span class='ocrx_word' id='word_1_63' title='bbox 161 873 220 903; x_wconf 83' lang='lat' dir='ltr'>ex</span> <span class='ocrx_word' id='word_1_64' title='bbox 251 868 438 921; x_wconf 89' lang='lat' dir='ltr'>utraque</span> <span class='ocrx_word' id='word_1_65' title='bbox 464 869 589 920; x_wconf 87' lang='lat' dir='ltr'>parte</span> <span class='ocrx_word' id='word_1_66' title='bbox 618 855 711 918; x_wconf 82' lang='lat' dir='ltr'>ejus</span> <span class='ocrx_word' id='word_1_67' title='bbox 738 855 896 903; x_wconf 82' lang='lat' dir='ltr'>caelum</span> <span class='ocrx_word' id='word_1_68' title='bbox 929 865 1111 918; x_wconf 88' lang='lat' dir='ltr'>petent,</span> <span class='ocrx_word' id='word_1_69' title='bbox 1137 855 1444 918; x_wconf 85' lang='lat' dir='ltr'>tempestatem</span> 
     </span>
     <span class='ocr_line' id='line_1_11' title="bbox 160 929 1445 997; baseline 0 -18"><span class='ocrx_word' id='word_1_70' title='bbox 160 931 488 997; x_wconf 80' lang='lat' dir='ltr'>fignificabunt.</span> <span class='ocrx_word' id='word_1_71' title='bbox 507 931 826 978; x_wconf 85' lang='lat' dir='ltr'>Vehementius</span> <span class='ocrx_word' id='word_1_72' title='bbox 847 946 954 977; x_wconf 83' lang='lat' dir='ltr'>atrae</span> <span class='ocrx_word' id='word_1_73' title='bbox 970 929 1026 976; x_wconf 85' lang='lat' dir='ltr'>ab</span> <span class='ocrx_word' id='word_1_74' title='bbox 1046 929 1244 988; x_wconf 83' lang='lat' dir='ltr'>oriente,</span> <span class='ocrx_word' id='word_1_75' title='bbox 1266 932 1314 977; x_wconf 90' lang='lat' dir='ltr'>in</span> <span class='ocrx_word' id='word_1_76' title='bbox 1332 948 1445 979; x_wconf 91' lang='lat' dir='ltr'>noc-</span> 
     </span>
     <span class='ocr_line' id='line_1_12' title="bbox 161 1002 1444 1067; baseline 0.001 -17"><span class='ocrx_word' id='word_1_77' title='bbox 161 1015 255 1050; x_wconf 88' lang='lat' dir='ltr'>tem</span> <span class='ocrx_word' id='word_1_78' title='bbox 285 1021 445 1067; x_wconf 79' lang='lat' dir='ltr'>aquam</span> <span class='ocrx_word' id='word_1_79' title='bbox 476 1003 727 1050; x_wconf 89' lang='lat' dir='ltr'>minantur:</span> <span class='ocrx_word' id='word_1_80' title='bbox 761 1003 815 1049; x_wconf 90' lang='lat' dir='ltr'>ab</span> <span class='ocrx_word' id='word_1_81' title='bbox 841 1002 1104 1061; x_wconf 83' lang='lat' dir='ltr'>occidente,</span> <span class='ocrx_word' id='word_1_82' title='bbox 1136 1003 1182 1050; x_wconf 90' lang='lat' dir='ltr'>in</span> <span class='ocrx_word' id='word_1_83' title='bbox 1216 1003 1444 1066; x_wconf 89' lang='lat' dir='ltr'>posterum</span> 
     </span>
     <span class='ocr_line' id='line_1_13' title="bbox 163 1074 1446 1139; baseline 0.001 -18"><span class='ocrx_word' id='word_1_84' title='bbox 163 1075 297 1122; x_wconf 88' lang='lat' dir='ltr'>diem.</span> <span class='ocrx_word' id='word_1_85' title='bbox 331 1076 377 1122; x_wconf 82' lang='lat' dir='ltr'>Si</span> <span class='ocrx_word' id='word_1_86' title='bbox 404 1075 544 1121; x_wconf 86' lang='lat' dir='ltr'>nubes</span> <span class='ocrx_word' id='word_1_87' title='bbox 562 1111 576 1133; x_wconf 90' lang='lat'>‚</span> <span class='ocrx_word' id='word_1_88' title='bbox 607 1086 657 1121; x_wconf 88' lang='lat' dir='ltr'>ut</span> <span class='ocrx_word' id='word_1_89' title='bbox 683 1074 852 1122; x_wconf 83' lang='lat' dir='ltr'>vellera</span> <span class='ocrx_word' id='word_1_90' title='bbox 878 1074 1015 1133; x_wconf 81' lang='lat' dir='ltr'>lanae,</span> <span class='ocrx_word' id='word_1_91' title='bbox 1041 1074 1298 1139; x_wconf 80' lang='lat' dir='ltr'>spargentur</span> <span class='ocrx_word' id='word_1_92' title='bbox 1327 1077 1446 1122; x_wconf 87' lang='lat' dir='ltr'>mul-</span> 
     </span>
     <span class='ocr_line' id='line_1_14' title="bbox 161 1147 1445 1213; baseline 0.001 -18"><span class='ocrx_word' id='word_1_93' title='bbox 161 1159 221 1194; x_wconf 85' lang='lat' dir='ltr'>tae</span> <span class='ocrx_word' id='word_1_94' title='bbox 243 1149 298 1195; x_wconf 86' lang='lat' dir='ltr'>ab</span> <span class='ocrx_word' id='word_1_95' title='bbox 324 1148 499 1195; x_wconf 87' lang='lat' dir='ltr'>oriente</span> <span class='ocrx_word' id='word_1_96' title='bbox 517 1183 531 1206; x_wconf 85' lang='lat'>,</span> <span class='ocrx_word' id='word_1_97' title='bbox 555 1165 716 1212; x_wconf 84' lang='lat' dir='ltr'>aquam</span> <span class='ocrx_word' id='word_1_98' title='bbox 735 1148 782 1194; x_wconf 88' lang='lat' dir='ltr'>in</span> <span class='ocrx_word' id='word_1_99' title='bbox 807 1147 1004 1194; x_wconf 88' lang='lat' dir='ltr'>triduum</span> <span class='ocrx_word' id='word_1_100' title='bbox 1021 1148 1294 1213; x_wconf 82' lang='lat' dir='ltr'>praesagient.</span> <span class='ocrx_word' id='word_1_101' title='bbox 1325 1150 1445 1196; x_wconf 87' lang='lat' dir='ltr'>Cum</span> 
     </span>
     <span class='ocr_line' id='line_1_15' title="bbox 161 1221 1460 1280; baseline 0 -11"><span class='ocrx_word' id='word_1_102' title='bbox 161 1221 212 1269; x_wconf 88' lang='lat' dir='ltr'>in</span> <span class='ocrx_word' id='word_1_103' title='bbox 242 1222 549 1270; x_wconf 85' lang='lat' dir='ltr'>cacuminibus</span> <span class='ocrx_word' id='word_1_104' title='bbox 574 1222 800 1268; x_wconf 87' lang='lat' dir='ltr'>montium</span> <span class='ocrx_word' id='word_1_105' title='bbox 820 1221 959 1268; x_wconf 89' lang='lat' dir='ltr'>nubes</span> <span class='ocrx_word' id='word_1_106' title='bbox 986 1221 1246 1280; x_wconf 86' lang='lat' dir='ltr'>confident,</span> <span class='ocrx_word' id='word_1_107' title='bbox 1274 1222 1460 1269; x_wconf 70' lang='lat' dir='ltr'>hiema-&#39;</span> 
     </span>
     <span class='ocr_line' id='line_1_16' title="bbox 163 1295 1446 1359; baseline 0.001 -15"><span class='ocrx_word' id='word_1_108' title='bbox 163 1295 246 1344; x_wconf 89' lang='lat' dir='ltr'>bit.</span> <span class='ocrx_word' id='word_1_109' title='bbox 299 1297 344 1344; x_wconf 87' lang='lat' dir='ltr'>Si</span> <span class='ocrx_word' id='word_1_110' title='bbox 376 1296 608 1345; x_wconf 83' lang='lat' dir='ltr'>cacumina</span> <span class='ocrx_word' id='word_1_111' title='bbox 642 1304 753 1359; x_wconf 84' lang='lat' dir='ltr'>pura</span> <span class='ocrx_word' id='word_1_112' title='bbox 786 1295 926 1356; x_wconf 84' lang='lat' dir='ltr'>fient,</span> <span class='ocrx_word' id='word_1_113' title='bbox 962 1297 1258 1344; x_wconf 77' lang='lat' dir='ltr'>differenabit.</span> <span class='ocrx_word' id='word_1_114' title='bbox 1311 1299 1446 1345; x_wconf 88' lang='lat' dir='ltr'>Nube</span> 
     </span>
     <span class='ocr_line' id='line_1_17' title="bbox 162 1370 1444 1434; baseline 0 -16"><span class='ocrx_word' id='word_1_115' title='bbox 162 1370 350 1434; x_wconf 84' lang='lat' dir='ltr'>gravida</span> <span class='ocrx_word' id='word_1_116' title='bbox 377 1370 637 1418; x_wconf 83' lang='lat' dir='ltr'>candicante</span> <span class='ocrx_word' id='word_1_117' title='bbox 656 1405 669 1427; x_wconf 88' lang='lat'>‚</span> <span class='ocrx_word' id='word_1_118' title='bbox 695 1370 822 1433; x_wconf 86' lang='lat' dir='ltr'>quod</span> <span class='ocrx_word' id='word_1_119' title='bbox 846 1383 1019 1418; x_wconf 89' lang='lat' dir='ltr'>vocant</span> <span class='ocrx_word' id='word_1_120' title='bbox 1048 1371 1352 1434; x_wconf 86' lang='lat' dir='ltr'>tempestatem</span> <span class='ocrx_word' id='word_1_121' title='bbox 1376 1372 1444 1419; x_wconf 86' lang='lat' dir='ltr'>al-</span> 
     </span>
     <span class='ocr_line' id='line_1_18' title="bbox 162 1441 1446 1507; baseline 0 -17"><span class='ocrx_word' id='word_1_122' title='bbox 162 1444 263 1491; x_wconf 86' lang='lat' dir='ltr'>bam</span> <span class='ocrx_word' id='word_1_123' title='bbox 278 1480 289 1502; x_wconf 89' lang='lat'>,</span> <span class='ocrx_word' id='word_1_124' title='bbox 312 1443 481 1507; x_wconf 84' lang='lat' dir='ltr'>grando</span> <span class='ocrx_word' id='word_1_125' title='bbox 507 1441 771 1488; x_wconf 85' lang='lat' dir='ltr'>imminebit.</span> <span class='ocrx_word' id='word_1_126' title='bbox 801 1443 930 1488; x_wconf 87' lang='lat' dir='ltr'>Caelo</span> <span class='ocrx_word' id='word_1_127' title='bbox 959 1443 1167 1507; x_wconf 83' lang='lat' dir='ltr'>quamvis</span> <span class='ocrx_word' id='word_1_128' title='bbox 1187 1441 1342 1489; x_wconf 90' lang='lat' dir='ltr'>sereno</span> <span class='ocrx_word' id='word_1_129' title='bbox 1365 1461 1446 1490; x_wconf 86' lang='lat' dir='ltr'>nu-</span> 
     </span>
     <span class='ocr_line' id='line_1_19' title="bbox 162 1515 1446 1580; baseline 0.002 -16"><span class='ocrx_word' id='word_1_130' title='bbox 162 1516 321 1565; x_wconf 87' lang='lat' dir='ltr'>becula</span> <span class='ocrx_word' id='word_1_131' title='bbox 344 1515 551 1579; x_wconf 89' lang='lat' dir='ltr'>quamvis</span> <span class='ocrx_word' id='word_1_132' title='bbox 587 1531 729 1577; x_wconf 85' lang='lat' dir='ltr'>parva</span> <span class='ocrx_word' id='word_1_133' title='bbox 762 1527 952 1562; x_wconf 89' lang='lat' dir='ltr'>ventum</span> <span class='ocrx_word' id='word_1_134' title='bbox 973 1515 1280 1580; x_wconf 88' lang='lat' dir='ltr'>procellosum</span> <span class='ocrx_word' id='word_1_135' title='bbox 1308 1518 1446 1567; x_wconf 85' lang='lat' dir='ltr'>dabit.</span> 
     </span>
    </p>
   </div>
   <div class='ocr_carea' id='block_1_3' title="bbox 227 1586 1448 1649">
    <p class='ocr_par' dir='ltr' id='par_1_3' title="bbox 227 1586 1448 1649">
     <span class='ocr_line' id='line_1_20' title="bbox 227 1586 1448 1649; baseline 0.001 -12"><span class='ocrx_word' id='word_1_136' title='bbox 227 1590 478 1637; x_wconf 88' lang='lat' dir='ltr'><strong>LXXXIII.</strong></span> <span class='ocrx_word' id='word_1_137' title='bbox 503 1586 692 1634; x_wconf 78' lang='lat' dir='ltr'>Nebulae</span> <span class='ocrx_word' id='word_1_138' title='bbox 718 1604 741 1634; x_wconf 91' lang='lat' dir='ltr'>e</span> <span class='ocrx_word' id='word_1_139' title='bbox 761 1588 995 1636; x_wconf 88' lang='lat' dir='ltr'>montibus</span> <span class='ocrx_word' id='word_1_140' title='bbox 1017 1588 1328 1637; x_wconf 85' lang='lat' dir='ltr'>descendentes</span> <span class='ocrx_word' id='word_1_141' title='bbox 1342 1627 1355 1649; x_wconf 85' lang='lat'><em>‚</em></span> <span class='ocrx_word' id='word_1_142' title='bbox 1371 1603 1448 1638; x_wconf 88' lang='lat' dir='ltr'>aut</span> 
     </span>
    </p>
   </div>
   <div class='ocr_carea' id='block_1_4' title="bbox 160 1658 1446 1795">
    <p class='ocr_par' dir='ltr' id='par_1_4' title="bbox 160 1658 1446 1795">
     <span class='ocr_line' id='line_1_21' title="bbox 160 1658 1446 1720; baseline 0.002 -12"><span class='ocrx_word' id='word_1_143' title='bbox 160 1661 277 1708; x_wconf 84' lang='lat' dir='ltr'>caelo</span> <span class='ocrx_word' id='word_1_144' title='bbox 299 1660 534 1720; x_wconf 80' lang='lat' dir='ltr'>cadentes,</span> <span class='ocrx_word' id='word_1_145' title='bbox 569 1658 645 1706; x_wconf 87' lang='lat' dir='ltr'>vel</span> <span class='ocrx_word' id='word_1_146' title='bbox 673 1658 721 1706; x_wconf 88' lang='lat' dir='ltr'>in</span> <span class='ocrx_word' id='word_1_147' title='bbox 753 1658 950 1708; x_wconf 89' lang='lat' dir='ltr'>vallibus</span> <span class='ocrx_word' id='word_1_148' title='bbox 982 1659 1201 1720; x_wconf 85' lang='lat' dir='ltr'>fidentes,</span> <span class='ocrx_word' id='word_1_149' title='bbox 1234 1661 1446 1710; x_wconf 85' lang='lat' dir='ltr'>serenita-</span> 
     </span>
     <span class='ocr_line' id='line_1_22' title="bbox 162 1731 573 1795; baseline 0 -16"><span class='ocrx_word' id='word_1_150' title='bbox 162 1742 256 1779; x_wconf 85' lang='lat' dir='ltr'>tem</span> <span class='ocrx_word' id='word_1_151' title='bbox 283 1731 573 1795; x_wconf 86' lang='lat' dir='ltr'>promittunt.</span> 
     </span>
    </p>
   </div>
   <div class='ocr_carea' id='block_1_5' title="bbox 163 1804 1447 2526">
    <p class='ocr_par' dir='ltr' id='par_1_5' title="bbox 163 1804 1447 2526">
     <span class='ocr_line' id='line_1_23' title="bbox 227 1804 1444 1870; baseline 0.003 -20"><span class='ocrx_word' id='word_1_152' title='bbox 227 1805 479 1851; x_wconf 89' lang='lat' dir='ltr'><strong>LXXXIV.</strong></span> <span class='ocrx_word' id='word_1_153' title='bbox 508 1805 579 1851; x_wconf 91' lang='lat' dir='ltr'>Ab</span> <span class='ocrx_word' id='word_1_154' title='bbox 612 1805 681 1852; x_wconf 86' lang='lat' dir='ltr'>his</span> <span class='ocrx_word' id='word_1_155' title='bbox 709 1804 875 1852; x_wconf 86' lang='lat' dir='ltr'>terreni</span> <span class='ocrx_word' id='word_1_156' title='bbox 910 1804 1035 1868; x_wconf 83' lang='lat' dir='ltr'>ignes</span> <span class='ocrx_word' id='word_1_157' title='bbox 1063 1805 1274 1868; x_wconf 84' lang='lat' dir='ltr'>proxime</span> <span class='ocrx_word' id='word_1_158' title='bbox 1306 1807 1444 1870; x_wconf 87' lang='lat' dir='ltr'>figni-</span> 
     </span>
     <span class='ocr_line' id='line_1_24' title="bbox 164 1874 1446 1945; baseline 0.005 -23"><span class='ocrx_word' id='word_1_159' title='bbox 164 1874 331 1923; x_wconf 85' lang='lat' dir='ltr'>ficant:</span> <span class='ocrx_word' id='word_1_160' title='bbox 359 1876 513 1939; x_wconf 86' lang='lat' dir='ltr'>pallidi</span> <span class='ocrx_word' id='word_1_161' title='bbox 540 1895 732 1942; x_wconf 86' lang='lat' dir='ltr'>namque</span> <span class='ocrx_word' id='word_1_162' title='bbox 753 1914 768 1937; x_wconf 84' lang='lat'><em>‚</em></span> <span class='ocrx_word' id='word_1_163' title='bbox 798 1880 1211 1943; x_wconf 84' lang='lat' dir='ltr'>murmurantesque</span> <span class='ocrx_word' id='word_1_164' title='bbox 1229 1917 1243 1938; x_wconf 80' lang='lat'>‚</span> <span class='ocrx_word' id='word_1_165' title='bbox 1271 1893 1446 1945; x_wconf 83' lang='lat' dir='ltr'>tempe-</span> 
     </span>
     <span class='ocr_line' id='line_1_25' title="bbox 164 1947 1446 2013; baseline 0.005 -18"><span class='ocrx_word' id='word_1_166' title='bbox 164 1947 326 1995; x_wconf 87' lang='lat' dir='ltr'>statum</span> <span class='ocrx_word' id='word_1_167' title='bbox 366 1948 514 1994; x_wconf 86' lang='lat' dir='ltr'>nuntii</span> <span class='ocrx_word' id='word_1_168' title='bbox 542 1949 820 1997; x_wconf 87' lang='lat' dir='ltr'>sentiuntur:</span> <span class='ocrx_word' id='word_1_169' title='bbox 851 1950 1022 2013; x_wconf 85' lang='lat' dir='ltr'>pluviae</span> <span class='ocrx_word' id='word_1_170' title='bbox 1051 1953 1183 1998; x_wconf 89' lang='lat' dir='ltr'>etiam</span> <span class='ocrx_word' id='word_1_171' title='bbox 1216 1953 1262 1999; x_wconf 92' lang='lat' dir='ltr'>in</span> <span class='ocrx_word' id='word_1_172' title='bbox 1296 1954 1446 2001; x_wconf 89' lang='lat' dir='ltr'>lucer-</span> 
     </span>
     <span class='ocr_line' id='line_1_26' title="bbox 165 2021 1447 2087; baseline 0.003 -18"><span class='ocrx_word' id='word_1_173' title='bbox 165 2023 235 2070; x_wconf 84' lang='lat' dir='ltr'>nis</span> <span class='ocrx_word' id='word_1_174' title='bbox 268 2021 408 2087; x_wconf 83' lang='lat' dir='ltr'>fungi.</span> <span class='ocrx_word' id='word_1_175' title='bbox 439 2024 482 2069; x_wconf 87' lang='lat' dir='ltr'>Si</span> <span class='ocrx_word' id='word_1_176' title='bbox 510 2022 710 2070; x_wconf 82' lang='lat' dir='ltr'>flexuose</span> <span class='ocrx_word' id='word_1_177' title='bbox 733 2024 899 2071; x_wconf 87' lang='lat' dir='ltr'>volitet</span> <span class='ocrx_word' id='word_1_178' title='bbox 922 2022 1130 2082; x_wconf 86' lang='lat' dir='ltr'>flamma,</span> <span class='ocrx_word' id='word_1_179' title='bbox 1150 2038 1353 2073; x_wconf 86' lang='lat' dir='ltr'>ventum.</span> <span class='ocrx_word' id='word_1_180' title='bbox 1389 2029 1447 2073; x_wconf 90' lang='lat' dir='ltr'>Et</span> 
     </span>
     <span class='ocr_line' id='line_1_27' title="bbox 166 2094 1443 2155; baseline 0.004 -15"><span class='ocrx_word' id='word_1_181' title='bbox 166 2094 335 2140; x_wconf 86' lang='lat' dir='ltr'>Iumina</span> <span class='ocrx_word' id='word_1_182' title='bbox 361 2112 462 2141; x_wconf 87' lang='lat' dir='ltr'>cum</span> <span class='ocrx_word' id='word_1_183' title='bbox 496 2112 552 2141; x_wconf 80' lang='lat' dir='ltr'>ex</span> <span class='ocrx_word' id='word_1_184' title='bbox 583 2095 670 2142; x_wconf 88' lang='lat' dir='ltr'>sese</span> <span class='ocrx_word' id='word_1_185' title='bbox 698 2096 893 2143; x_wconf 89' lang='lat' dir='ltr'>flammas</span> <span class='ocrx_word' id='word_1_186' title='bbox 918 2096 1119 2155; x_wconf 83' lang='lat' dir='ltr'>elidunt,</span> <span class='ocrx_word' id='word_1_187' title='bbox 1149 2109 1224 2144; x_wconf 88' lang='lat' dir='ltr'>aut</span> <span class='ocrx_word' id='word_1_188' title='bbox 1256 2099 1338 2144; x_wconf 80' lang='lat' dir='ltr'>vix</span> <span class='ocrx_word' id='word_1_189' title='bbox 1366 2116 1443 2146; x_wconf 87' lang='lat' dir='ltr'>ac-</span> 
     </span>
     <span class='ocr_line' id='line_1_28' title="bbox 165 2167 1444 2232; baseline 0.002 -18"><span class='ocrx_word' id='word_1_190' title='bbox 165 2167 431 2214; x_wconf 85' lang='lat' dir='ltr'>cenduntur.</span> <span class='ocrx_word' id='word_1_191' title='bbox 463 2170 572 2214; x_wconf 90' lang='lat' dir='ltr'>Item</span> <span class='ocrx_word' id='word_1_192' title='bbox 601 2185 705 2215; x_wconf 89' lang='lat' dir='ltr'>cum</span> <span class='ocrx_word' id='word_1_193' title='bbox 730 2169 777 2215; x_wconf 91' lang='lat' dir='ltr'>in</span> <span class='ocrx_word' id='word_1_194' title='bbox 801 2185 858 2216; x_wconf 89' lang='lat' dir='ltr'>eo</span> <span class='ocrx_word' id='word_1_195' title='bbox 888 2169 1132 2232; x_wconf 83' lang='lat' dir='ltr'>pendentes</span> <span class='ocrx_word' id='word_1_196' title='bbox 1164 2187 1444 2217; x_wconf 88' lang='lat' dir='ltr'>coacervan-</span> 
     </span>
     <span class='ocr_line' id='line_1_29' title="bbox 163 2240 1442 2291; baseline 0.001 -3"><span class='ocrx_word' id='word_1_197' title='bbox 163 2252 239 2288; x_wconf 88' lang='lat' dir='ltr'>tur</span> <span class='ocrx_word' id='word_1_198' title='bbox 274 2240 504 2289; x_wconf 83' lang='lat' dir='ltr'>scintillae:</span> <span class='ocrx_word' id='word_1_199' title='bbox 537 2243 613 2290; x_wconf 86' lang='lat' dir='ltr'>vel</span> <span class='ocrx_word' id='word_1_200' title='bbox 635 2260 738 2290; x_wconf 88' lang='lat' dir='ltr'>cum</span> <span class='ocrx_word' id='word_1_201' title='bbox 763 2242 1025 2290; x_wconf 86' lang='lat' dir='ltr'>tollentibus</span> <span class='ocrx_word' id='word_1_202' title='bbox 1057 2244 1169 2291; x_wconf 84' lang='lat' dir='ltr'>ollas</span> <span class='ocrx_word' id='word_1_203' title='bbox 1196 2244 1333 2291; x_wconf 90' lang='lat' dir='ltr'>carbo</span> <span class='ocrx_word' id='word_1_204' title='bbox 1364 2244 1442 2290; x_wconf 68' lang='lat' dir='ltr'>acl-</span> 
     </span>
     <span class='ocr_line' id='line_1_30' title="bbox 164 2313 1441 2380; baseline 0.002 -21"><span class='ocrx_word' id='word_1_205' title='bbox 164 2313 393 2360; x_wconf 82' lang='lat' dir='ltr'>haerescit:</span> <span class='ocrx_word' id='word_1_206' title='bbox 422 2326 497 2361; x_wconf 89' lang='lat' dir='ltr'>aut</span> <span class='ocrx_word' id='word_1_207' title='bbox 517 2332 619 2362; x_wconf 91' lang='lat' dir='ltr'>cum</span> <span class='ocrx_word' id='word_1_208' title='bbox 638 2317 869 2363; x_wconf 64' lang='lat' dir='ltr'>contessus</span> <span class='ocrx_word' id='word_1_209' title='bbox 895 2316 1010 2380; x_wconf 88' lang='lat' dir='ltr'>ignis</span> <span class='ocrx_word' id='word_1_210' title='bbox 1035 2333 1057 2362; x_wconf 89' lang='lat' dir='ltr'>e</span> <span class='ocrx_word' id='word_1_211' title='bbox 1079 2316 1118 2363; x_wconf 85' lang='lat' dir='ltr'>se</span> <span class='ocrx_word' id='word_1_212' title='bbox 1143 2316 1343 2363; x_wconf 84' lang='lat' dir='ltr'>favillam</span> <span class='ocrx_word' id='word_1_213' title='bbox 1370 2317 1441 2362; x_wconf 84' lang='lat' dir='ltr'>di-</span> 
     </span>
     <span class='ocr_line' id='line_1_31' title="bbox 165 2386 1444 2445; baseline 0.001 -10"><span class='ocrx_word' id='word_1_214' title='bbox 165 2387 324 2445; x_wconf 83' lang='lat' dir='ltr'>scutit,</span> <span class='ocrx_word' id='word_1_215' title='bbox 348 2386 644 2435; x_wconf 87' lang='lat' dir='ltr'>scintillamve</span> <span class='ocrx_word' id='word_1_216' title='bbox 674 2389 865 2436; x_wconf 88' lang='lat' dir='ltr'>emittit:</span> <span class='ocrx_word' id='word_1_217' title='bbox 904 2390 982 2437; x_wconf 89' lang='lat' dir='ltr'>vel</span> <span class='ocrx_word' id='word_1_218' title='bbox 1000 2408 1103 2437; x_wconf 85' lang='lat' dir='ltr'>cum</span> <span class='ocrx_word' id='word_1_219' title='bbox 1122 2390 1232 2439; x_wconf 84' lang='lat' dir='ltr'>cinis</span> <span class='ocrx_word' id='word_1_220' title='bbox 1260 2390 1305 2435; x_wconf 87' lang='lat' dir='ltr'>in</span> <span class='ocrx_word' id='word_1_221' title='bbox 1333 2390 1444 2439; x_wconf 92' lang='lat' dir='ltr'>foco</span> 
     </span>
     <span class='ocr_line' id='line_1_32' title="bbox 163 2459 1374 2526; baseline 0.001 -18"><span class='ocrx_word' id='word_1_222' title='bbox 163 2459 442 2520; x_wconf 79' lang='lat' dir='ltr'>concrescit,</span> <span class='ocrx_word' id='word_1_223' title='bbox 474 2461 524 2509; x_wconf 61' lang='grc' dir='ltr'>δέ</span> <span class='ocrx_word' id='word_1_224' title='bbox 554 2478 656 2508; x_wconf 90' lang='lat' dir='ltr'>cum</span> <span class='ocrx_word' id='word_1_225' title='bbox 687 2462 825 2510; x_wconf 87' lang='lat' dir='ltr'>carbo</span> <span class='ocrx_word' id='word_1_226' title='bbox 850 2461 1142 2511; x_wconf 85' lang='lat' dir='ltr'>vehementer</span> <span class='ocrx_word' id='word_1_227' title='bbox 1162 2462 1374 2526; x_wconf 84' lang='lat' dir='ltr'>perlucet.</span> 
     </span>
    </p>
   </div>
  </div>
 </body>
</html>
