1653 2797
290 339 367 409 C.
419 339 763 406 PLINII
814 339 1303 414 SECUNDI

147 524 756 608 NATURALIS
814 529 1430 609 HISTORIAE

499 720 801 769 L1BER
882 714 1074 772 xvi.

142 870 174 917 I.
212 804 347 920 Po
366 875 636 918 ‘MIFERAE
675 869 856 918 arbores
877 907 893 928 ,
940 887 1130 936 quaeque
1172 872 1427 924 mitioribus

143 943 284 990 succis
314 942 599 1005 voluptatem
632 943 789 1005 primae
820 942 930 991 cibis
951 944 1222 1007 attulerunt,
1260 949 1309 994 &
1344 965 1424 994 ne—

144 1015 326 1062 ceffario
356 1015 570 1061 alimento
596 1014 774 1061 delicias
805 1014 989 1063 miscere
1016 1016 1271 1065 docuerunt
1288 1056 1302 1077 ‚
1331 1020 1425 1067 five

140 1087 228 1134 illae
249 1089 398 1146 ultro,
429 1087 524 1135 sive
547 1087 602 1133 ab
630 1087 817 1134 homine
853 1087 1045 1135 didicere
1078 1090 1268 1138 blandos
1292 1091 1425 1155 sapo-

141 1178 208 1209 res
245 1161 492 1223 adoptione
529 1162 579 1207 &
614 1159 878 1217 connubio,
919 1160 1054 1224 idque
1092 1179 1254 1208 munus
1293 1164 1425 1211 etiam

142 1234 244 1282 feris
265 1234 612 1298 volucribusqtle
648 1233 850 1280 dedimus
868 1269 881 1291 ‚
901 1233 1016 1281 intra
1046 1236 1274 1298 praedifilas
1309 1254 1424 1284 con-

80 1314 83 1317 '
142 1309 269 1355 stant.
302 1308 563 1354 Proximum
596 1318 689 1353 erat
724 1323 898 1353 narrare
923 1308 1188 1371 glandiferas
1210 1327 1424 1375 quoque,

140 1400 243 1446 quae
274 1381 428 1445 primae
459 1381 630 1428 vicium
663 1378 923 1427 mortalium
959 1381 1190 1441 aluerunt,
1229 1385 1424 1432 nutrices

143 1455 292 1519 inopis
326 1472 378 1503 ac
407 1455 512 1502 ferae
539 1455 668 1503 sortis
687 1493 703 1513 ,
733 1455 780 1502 ni
811 1456 1024 1518 praeverti
1052 1469 1236 1520 cogeret
1278 1459 1422 1505 admi-

140 1530 261 1577 ratio
287 1530 367 1576 usu
394 1541 654 1592 comperta,
681 1545 886 1592 quaenam
916 1526 1146 1592 qualisque
1171 1526 1275 1577 effet
1298 1531 1422 1592 vita,

140 1604 233 1650 fine
258 1602 418 1650 arbore
444 1604 534 1650 ulla
553 1640 566 1662 ‚
594 1603 685 1650 fine
710 1602 871 1650 frutice
901 1603 1186 1651 viventium
1205 1606 1422 1655 Diximus

139 1678 191 1724 &
224 1677 270 1722 in
299 1676 487 1723 Oriente
516 1677 697 1741 quidem
727 1675 857 1739 juxta
886 1677 1124 1724 Oceanum
1166 1679 1422 1742 complures

138 1766 192 1797 ea
226 1750 273 1796 in
303 1750 550 1798 neceffitate
574 1762 738 1814 gentes.
767 1752 879 1797 Sunt
908 1767 1022 1797 vero
1052 1751 1099 1796 in
1125 1752 1424 1814 Septemtrio-

139 1840 197 1870 ne
229 1822 337 1872 visae
366 1822 499 1870 nobis
529 1823 842 1882 Chaucorum,
881 1822 959 1887 qui
994 1820 1188 1882 majores
1207 1823 1426 1871 minores-

137 1913 228 1960 que
255 1896 548 1960 appellantur.
581 1897 718 1944 Vasto
750 1897 813 1944 ibi
831 1909 1005 1956 meatu,
1027 1898 1093 1943 bis
1120 1897 1293 1946 dierum
1313 1915 1427 1946 noc-

139 1969 342 2033 tiumque
373 1968 644 2031 singularum
667 1971 916 2017 intervallis
933 2007 947 2028 ‚
977 1969 1136 2017 effusus
1162 1971 1210 2017 in
1237 1973 1424 2019 immen-

139 2040 236 2088 sum
256 2041 400 2105 agitur
427 2058 621 2090 oceanus
643 2080 658 2101 ,
688 2055 898 2090 aeternam
931 2042 1140 2106 operiens
1173 2061 1324 2090 rerum
1348 2061 1425 2091 na-

141 2127 253 2162 turae
278 2116 665 2164 controverfiam:
696 2116 970 2181 dubiumque
996 2127 1125 2163 terrae
1146 2117 1218 2175 fit,
1247 2135 1303 2164 an
1324 2135 1426 2182 par-

140 2199 184 2235 te
211 2189 259 2234 in
289 2189 434 2236 maris.
467 2188 563 2235 Illic
593 2186 748 2234 misera
781 2204 886 2252 gens
917 2188 1116 2235 tumulos
1146 2189 1326 2237 obtinet
1355 2191 1422 2237 al·-

139 2272 211 2308 tos
228 2297 242 2319 ‚
274 2273 351 2307 aut
369 2261 607 2308 tribunalia
626 2260 785 2307 struc'm
820 2260 1025 2307 manibus
1049 2261 1105 2308 ad
1137 2263 1418 2324 experimen-

137 2351 183 2382 ta
216 2335 406 2382 altiffimi
445 2336 603 2395 aestus,
638 2335 744 2383 casis
779 2335 840 2382 ita
876 2335 1123 2399 impositis:
1165 2336 1420 2399 naviganti-

140 2410 224 2456 bus
258 2408 418 2456 ssmiles
434 2445 448 2469 ,
484 2427 585 2457 cum
610 2409 809 2473 integant
833 2425 959 2473 aquae
982 2408 1279 2455 circumdata:
1313 2427 1425 2456 nau—

142 2482 278 2548 fragis
315 2501 462 2543 vero,
509 2501 612 2532 cum
643 2482 922 2532 recesserint:
967 2481 1280 2546 fugientesque
1323 2500 1426 2532 cum

1060 2558 1090 2601 F
1126 2573 1149 2601 2
