1653 2797
210 152 491 205 NATUR.
530 155 832 216 HISTOR.
861 149 990 203 LIB.
1028 156 1212 205 XVII.
1297 174 1379 219 171

101 279 278 311 morem
295 301 309 324 ‚
333 267 383 313 δε
409 263 732 312 transmittant:
762 279 857 309 non
881 264 990 311 item
1021 265 1182 328 planos
1212 264 1356 313 facere
1374 300 1389 323 ,

104 336 155 383 ὅ(
189 355 214 383 a
249 349 432 384 terreno
466 352 617 383 arcere
651 335 849 382 radicem
886 337 1205 386 existimantes.
1228 338 1393 386 Glarea

102 408 318 457 substrata
345 410 462 456 inter
492 421 725 472 utramque
745 408 1009 455 sententiam
1039 410 1187 459 fuerit.

168 484 393 531 Arborem
425 500 508 529 nec
528 484 753 530 minorem
772 483 891 530 bima
910 520 924 543 ‚
953 500 1035 532 nec
1064 485 1282 548 majorem
1308 487 1391 535 tri-

103 573 178 603 ma
211 554 437 603 transferri
464 556 644 619 quidam
679 556 982 619 praecipiunt:
1017 557 1124 615 alii,
1166 575 1266 605 cum
1304 578 1388 606 an-

103 645 211 674 num
229 627 424 691 impleat.
443 629 562 675 Cato
582 628 834 676 crassiorem
860 629 1061 693 quinque
1089 630 1252 694 digitis.
1280 634 1390 679 Non

104 699 316 748 omififfet
334 701 449 748 idem
471 738 484 759 ,
515 701 545 747 s1
567 703 803 761 attineret,
835 702 1128 750 meridianam
1159 703 1256 751 caeli
1288 721 1393 767 pax·-

102 784 194 820 tem
220 774 390 839 {ignare
430 777 477 822 in
515 777 685 824 cortice
708 813 722 836 ‚
759 790 809 823 ut
840 777 1052 824 translata
1080 778 1127 824 in
1161 777 1312 823 iisdem
1342 779 1393 824 δε

103 848 278 896 affuetis
311 848 576 896 statueretur
607 850 760 896 horis:
796 867 852 897 ne
887 851 1146 914 Aquiloniae
1178 851 1393 897 meridia—

104 924 173 970 nis
198 925 419 988 oppofitae
436 925 614 972 Solibus
635 925 939 984 finderentur,
963 927 1012 972 &
1036 925 1234 988 algerent
1255 926 1393 971 meri-

105 998 252 1044 dianae
273 999 591 1062 Aquilonibus.
615 1001 758 1060 Quod
777 1017 800 1047 e
820 998 1002 1046 diverso
1028 1000 1231 1046 affectant
1259 1001 1394 1047 etiam

105 1072 291 1134 quidam
322 1071 370 1118 in
402 1074 522 1132 vite,
549 1073 732 1135 ficoque
752 1110 766 1131 ,
795 1084 1100 1136 permutantes
1131 1073 1177 1118 in
1211 1085 1394 1119 contra-

103 1144 236 1191 rium.
262 1146 509 1201 Denfiores
531 1147 653 1192 enim
674 1144 791 1192 folio
819 1146 879 1192 ita
897 1144 994 1191 fieri
1009 1181 1024 1201 ,
1045 1143 1270 1207 magisque
1288 1161 1394 1207 pro-

103 1229 254 1282 tegere
282 1219 511 1277 fruihrm,
549 1220 599 1265 &
631 1219 779 1265 minus
813 1218 1040 1265 amittere:
1075 1215 1303 1279 ficumque
1338 1217 1398 1264 sic

104 1292 240 1338 etiam
264 1291 491 1339 scansilem
528 1290 638 1338 fieri.
669 1292 879 1355 Plerique
909 1291 954 1337 id
989 1291 1168 1337 demum
1199 1304 1396 1345 cavent,

104 1375 155 1408 ut
172 1363 302 1427 plaga
320 1364 518 1427 deputati
541 1364 787 1411 cacuminis
806 1363 1040 1410 meridiem
1059 1362 1247 1425 spectet,
1266 1362 1396 1425 igna-

104 1437 144 1483 ri
176 1435 336 1484 fiffuris
360 1437 488 1483 nimii
519 1438 704 1500 vaporis
732 1436 924 1500 opponi.
954 1436 1004 1481 Id
1023 1435 1202 1497 quidem
1232 1434 1278 1479 in
1308 1435 1398 1481 ho·

106 1525 200 1556 ram
228 1509 316 1556 diei
347 1511 548 1573 quintam
578 1510 655 1556 vel
686 1510 896 1556 oflavam
926 1507 1117 1572 spectare
1149 1507 1397 1555 maluerim.

105 1587 250 1650 AEque
267 1586 374 1634 latet
393 1604 488 1634 non
506 1587 823 1651 negligendum
839 1623 852 1645 ,
876 1603 931 1633 ne
952 1585 1124 1634 radices
1146 1602 1276 1633 mora
1297 1586 1396 1632 ina-

104 1661 306 1720 rescant,
343 1679 462 1711 neve
485 1679 512 1708 a
540 1659 946 1725 Septemtrionibus
967 1695 981 1719 ‚
1010 1672 1086 1706 aut
1111 1659 1167 1707 ab
1193 1676 1243 1706 ea
1270 1673 1397 1723 parte

105 1736 205 1782 caeli
237 1735 378 1801 usque
407 1736 463 1782 ad
486 1747 698 1782 exortum
719 1734 967 1782 brumalem
991 1747 1135 1781 vento
1170 1733 1307 1781 flante
1334 1732 1397 1779 ef-

108 1807 338 1857 fodiantur
357 1809 568 1867 arbores,
595 1821 674 1855 aut
706 1821 826 1859 certe
850 1825 946 1855 non
976 1807 1174 1863 adversae
1206 1806 1259 1853 iis
1279 1824 1397 1854 ven-

108 1882 165 1928 tis
187 1882 357 1928 radices
379 1882 691 1945 praebeantur:
714 1892 902 1945 propter
935 1881 1060 1945 quod
1087 1879 1396 1936 emoriuntur,

108 1955 274 2017 ignaris
313 1954 453 2002 causae
493 1954 719 2018 agricolis.
758 1955 878 2000 Cato
916 1970 1076 2000 omnes
1112 1964 1311 2012 ventos,
1348 1955 1399 2000 &

109 2028 303 2076 imbrem
345 2045 529 2093 quoque
561 2029 608 2075 in
644 2041 741 2076 tota
771 2028 1067 2075 translatione
1109 2028 1303 2074 damnat.
1338 2029 1396 2073 Et

111 2101 166 2147 ad
186 2101 283 2149 haec
309 2102 512 2166 proderit
539 2118 669 2166 quam
690 2101 933 2165 plurimum
965 2112 1120 2159 terrae,
1142 2100 1189 2146 in
1218 2117 1307 2163 qua
1326 2099 1399 2148 vi-

112 2175 294 2235 xerint,
324 2175 549 2222 radicibus
582 2175 810 2221 cohaerere
829 2209 842 2232 ‚
875 2191 926 2221 ac
955 2187 1074 2221 totas
1111 2173 1274 2236 cespite
1307 2172 1398 2219 cir-

112 2251 369 2315 cumligari:
421 2268 524 2298 cum
561 2251 625 2297 ob
671 2250 717 2297 id
752 2252 870 2297 Cato
916 2250 963 2295 in
1001 2249 1212 2297 corbibus
1249 2261 1396 2294 trans-

111 2325 216 2373 ferri
252 2325 433 2388 jubeat‚
481 2326 644 2388 procul
677 2325 816 2371 dubio
848 2323 1085 2371 utiliffime.
1131 2323 1252 2369 Idem
1286 2319 1399 2366 film-

113 2417 230 2446 mam
252 2415 418 2446 terram
450 2410 689 2446 contentus
730 2398 790 2446 est
821 2397 961 2446 subdi.
1000 2397 1199 2458 Quidam
1219 2393 1398 2440 Punicis

113 2471 239 2519 malis
268 2470 486 2520 substrato
510 2471 654 2535 lapide
678 2488 776 2520 non
809 2471 957 2535 rumpi
985 2485 1175 2534 pomum
1195 2466 1241 2514 in
1261 2466 1398 2514 arbo-
