1653 2797
227 198 318 256 284
479 197 1247 246 C.PLlNlISECUND1

225 305 369 364 mine,
402 306 452 353 &
489 306 684 364 dicemus
718 323 828 353 mox·
860 306 995 369 paulo
1026 307 1270 370 operosius,
1312 308 1496 357 Interiin

226 379 281 424 ab
308 395 364 424 eo
394 379 464 424 die
494 377 716 443 (quisquis
748 379 822 426 ille
846 379 1003 443 fuerit)
1035 397 1126 443 quo
1152 380 1260 427 flare
1279 382 1495 444 coeperit,

228 468 321 497 11011
342 452 497 515 utique
528 467 560 497 v
566 467 582 497 1
603 454 702 500 Idus
723 453 974 511 Februarii,
994 453 1068 499 sed
1085 453 1177 499 five
1201 465 1303 500 ante
1317 471 1498 518 ‚quan-

227 526 287 570 (10
320 541 605 587 praevernat‚
640 527 733 573 five
764 525 899 589 post,
939 526 1121 590 quando
1159 526 1356 574 hiemat:
1397 525 1500 590 post

228 615 325 644 eam
359 598 507 657 diem,
543 599 759 662 inquam,
791 598 1024 644 innumera
1063 597 1253 646 rusticos
1288 615 1394 646 cura
1428 597 1502 644 di—

228 671 439 734 stringat,
457 673 506 719 &
525 672 667 735 prima
695 687 883 735 quaeque
905 683 1202 734 peragantur
1222 689 1323 736 quae
1347 673 1502 720 differ-

227 746 531 807 rinequeunt.
560 745 817 792 Trimestria
848 743 1060 791 serantur.
1096 745 1227 793 Vites
1259 760 1502 809 putentur,

229 838 317 883 qua
337 819 555 877 diximus,
574 819 762 865 ratione.
790 818 918 870 Oleae
939 830 1164 865 curentur.
1188 820 1329 866 Poma
1354 820 1505 867 seran-

229 907 324 950 tur,
351 893 703 955 inseranturque.
731 891 890 938 Vineae
917 890 1206 954 pastinentur.
1233 893 1412 940 Semina
1440 894 1509 940 di-

231 975 437 1026 gerantur
455 999 470 1020 ,
487 962 784 1010 instaurentur
806 962 902 1010 alia.
931 963 1210 1022 Arundines,
1231 963 1383 1012 salices
1396 1001 1410 1024 ‚
1431 982 1508 1028 ge-

232 1036 356 1082 nistae
383 1036 606 1096 serantur,
634 1036 964 1100 caedanturque.
998 1037 1209 1083 Serantur
1236 1053 1352 1084 vero
1370 1038 1510 1095 ulmi,

232 1109 392 1172 populi
412 1145 428 1168 ‚
454 1109 652 1172 platani,
680 1109 747 1156 uti
783 1109 946 1156 dietum
976 1109 1050 1156 est.
1099 1110 1218 1156 Tum
1256 1111 1307 1158 δε
1343 1109 1512 1175 segetes

234 1185 455 1232 convenit
475 1201 661 1249 purgare
673 1221 687 1244 ,
706 1183 861 1231 sarrire
880 1183 1086 1231 hibernas
1105 1183 1250 1248 fruges
1266 1219 1280 1243 ‚
1306 1185 1513 1233 maxime·

233 1275 318 1317 que
351 1257 428 1305 far.
470 1260 563 1305 Lex
598 1270 717 1305 certa
747 1258 793 1304 in
819 1274 875 1305 eo
893 1293 907 1315 ‚
941 1274 1042 1305 cum
1070 1269 1268 1321 quatuor
1297 1257 1512 1307 fibrarum

234 1329 317 1376 effe
343 1331 547 1394 coeperit.
582 1331 698 1378 Faba
728 1347 845 1379 vero
877 1347 973 1377 non
994 1342 1234 1394 antequam
1263 1331 1401 1379 trium
1439 1331 1513 1378 fo²

235 1403 417 1451 lior-um.
440 1407 573 1452 Tunc
595 1421 779 1468 quoque
811 1403 904 1451 levi
923 1403 1094 1452 sarculo
1116 1421 1304 1469 purgare
1331 1405 1514 1471 verius²

238 1493 370 1539 quam
405 1477 573 1525 fodere.
610 1478 866 1525 Florentem
897 1479 1051 1541 utique
1085 1493 1160 1525 XV
1182 1480 1336 1543 primis
1361 1480 1516 1528 diebus

240 1566 333 1595 non
353 1551 581 1614 attingere.
616 1553 846 1597 Hordeum
867 1552 946 1597 nisi
964 1552 1128 1599 siccum
1151 1570 1208 1600 ne
1231 1552 1405 1601 sarrito.
1430 1555 1517 1601 Pu-

240 1623 459 1668 tationem
490 1622 766 1686 aequinoffio
794 1624 1015 1684 peraflam
1041 1623 1221 1670 habeto.
1255 1624 1416 1670 Vineae
1441 1624 1517 1686 ju-

242 1710 397 1755 gerum
426 1707 655 1758 quaternae
681 1711 831 1757 operae
860 1706 1019 1757 putant
1045 1694 1342 1758 alligantque:
1367 1697 1413 1742 in
1442 1714 1517 1743 ar-

244 1768 374 1815 busto
395 1768 574 1831 singulae
604 1786 754 1831 operae
773 1768 954 1815 arbores
986 1783 1074 1816 xv.
1103 1768 1277 1815 Eodem
1292 1769 1383 1816 hoc
1402 1781 1520 1816 tem·-

245 1858 358 1904 pore
389 1842 627 1888 hortorum
664 1841 1033 1903 rosariorumque
1066 1858 1171 1888 cura
1205 1841 1294 1900 est,
1323 1859 1423 1904 quae
1451 1841 1522 1888 se-

244 1915 429 1977 paratim
463 1915 682 1978 proximis
708 1914 1017 1962 voluminibus
1050 1913 1252 1962 dicetur:
1288 1916 1448 1962 eodem
1469 1917 1522 1964 &

247 1988 565 2051 topiariorum.
593 1991 726 2036 Tunc
758 1988 928 2051 optime
955 1987 1134 2035 scrobes
1152 1987 1278 2035 fiunt.
1310 1989 1450 2035 Terra
1472 1988 1522 2036 in

248 2063 447 2109 futurum
483 2063 811 2126 proscinditur,
847 2061 1040 2125 Virgilio
1081 2062 1275 2109 maxime
1310 2063 1523 2123 auelore,

250 2149 302 2181 111
329 2137 477 2193 glebas
513 2135 592 2182 Sol
621 2148 800 2195 coquat.
836 2135 1009 2183 Utilior
1037 2133 1278 2190 sententia,
1301 2150 1402 2196 quae
1425 2150 1522 2180 non

252 2209 335 2256 nisi
357 2222 649 2271 temperatum
678 2210 823 2256 solum
851 2210 897 2255 in
916 2209 1067 2255 medio
1099 2224 1209 2253 vere
1238 2207 1350 2254 arari
1378 2206 1540 2268 jubett'

253 2282 469 2344 quoniam
504 2282 550 2327 in
576 2282 729 2344 pingui
753 2282 897 2328 statim
928 2280 1074 2327 sulcos
1094 2291 1322 2343 occupant
1348 2278 1522 2336 herbae,

254 2355 406 2419 gracili
436 2353 619 2401 insecuti
648 2355 773 2401 aestus
804 2356 1058 2403 exsiccant:
1091 2366 1184 2401 tum
1215 2369 1403 2417 namque
1424 2351 1526 2399 suc-

259 2447 361 2476 cum
395 2427 596 2475 venturis
620 2426 860 2474 seminibus
895 2427 1113 2475 auferunt.
1149 2426 1278 2483 Talia
1305 2439 1525 2473 autumno

260 2501 418 2549 melius
443 2500 560 2550 arari
584 2511 752 2550 certum
773 2499 848 2548 est.
