1653 2797
247 145 533 194 NATUR.
569 143 889 190 HISTOR.
925 143 1054 188 LIB.
1093 142 1238 188 XVI.
1315 158 1393 190 111

117 255 279 305 florem
305 254 542 317 &primos
571 251 734 297 fruitus
751 285 764 307 ,
785 249 816 295 si
831 285 844 307 ,
867 267 970 297 cum
998 248 1245 297 defloruere
1255 249 1400 310 „Qles

120 329 212 375 dies
239 326 419 373 suerint.
456 323 666 370 Ociflime
700 332 847 367 autem
883 320 989 366 salix
1024 321 1188 368 amittit
1223 321 1399 378 semen,

119 413 356 462 antequam
391 394 580 446 omnino
609 392 910 439 maturitatem
940 392 1125 451 sentiat,
1146 394 1208 440 ob
1229 394 1276 440 id
1304 394 1401 440 dic-

70 483 79 486 “
118 485 165 519 ta
195 475 397 520 Homero
424 467 710 531 frugiperda:
741 465 888 512 secuta
913 478 1015 512 aetas
1044 466 1206 514 scelere
1227 468 1305 515 suo
1327 468 1401 513 in-

117 553 365 607 terpretata*
388 539 449 586 est
467 540 585 586 hanc
606 538 869 588 sententiam
889 574 902 596 ‚
923 538 1106 601 quando
1127 539 1270 587 semen
1299 540 1401 586 sali-

117 620 182 667 cis
213 616 390 667 mulieri
422 613 660 661 sterilitatis
691 613 1068 662 medicamentum
1098 613 1181 660 effe
1214 615 1400 663 constat.

117 694 204 741 Sed
235 693 282 740 in
306 693 397 739 hoc
426 707 609 754 quoque
638 689 892 752 ‘providens
926 700 1083 735 natura
1104 724 1119 746 ,
1138 687 1267 735 facile
1304 689 1401 735 nas-

117 765 270 823 centi,
300 767 351 812 &
383 762 569 825 depasto
602 761 810 820 surculo,
838 760 1105 808 incuriosius
1141 760 1288 807 semen
1323 761 1402 806 de-

119 842 198 888 dit.
238 843 342 887 Una
372 851 521 886 tamen
548 837 758 901 proditur
788 838 843 884 ad
875 838 1173 884 maturitatem
1205 836 1404 899 perferre

119 915 280 973 solita,
314 914 362 960 in
398 913 535 959 Creta
567 911 738 968 insula,
767 910 864 973 ipso
900 910 1107 960 descensu
1141 910 1268 960 Jovis
1304 910 1403 973 spe-

119 988 298 1044 luncae,
328 997 520 1032 torvum
553 984 863 1047 ligneumque,
892 983 1198 1047 magnitudine
1232 984 1403 1031 ciceris.

185 1060 366 1106 XLVII.
408 1058 540 1104 Fiunt
567 1073 680 1103 vero
711 1058 916 1120 quaedam
951 1057 1043 1104 Ioci
1080 1057 1198 1105 vitio
1237 1058 1406 1104 infruc-

119 1131 246 1182 tuosa
266 1167 279 1189 ,
300 1130 411 1178 ficut
450 1130 497 1176 in
529 1130 644 1175 Paro
679 1129 791 1175 silva
829 1129 1005 1188 caedua,
1033 1147 1134 1193 quae
1160 1130 1272 1176 nihil
1305 1130 1405 1177 fert.

120 1205 304 1254 Perficae
327 1204 510 1250 arbores
530 1202 576 1247 in
600 1202 768 1250 Rhodo
799 1201 964 1248 florent
996 1215 1181 1249 tantum.
1218 1203 1286 1248 Fit
1311 1204 1406 1249 haec

123 1279 372 1326 differentia
402 1280 453 1325 δέ
488 1294 544 1324 ex
580 1276 717 1322 sexu:
761 1275 808 1322 in
850 1276 989 1340 iisque
1026 1293 1168 1323 mares
1204 1293 1299 1322 non
1337 1277 1405 1322 fe-

121 1362 243 1398 runt.
281 1349 436 1412 Aliqui
455 1348 544 1394 hoc
565 1359 893 1410 permutantes,
916 1364 1056 1394 mares
1079 1347 1162 1393 effe
1176 1383 1189 1404 ,
1212 1364 1313 1411 quae
1338 1348 1406 1395 fe-

123 1434 222 1470 rant
240 1458 253 1480 ,
284 1421 481 1467 tradunt.
518 1420 638 1465 Facit
668 1421 717 1467 &
746 1419 932 1468 densitas
969 1419 1256 1466 sterilitatem.

186 1495 384 1540 XLVIII.
425 1492 720 1556 Gignentium
750 1504 898 1538 autem
929 1492 1133 1555 quaedam
1166 1494 1215 1539 &
1254 1493 1406 1539 lateri-

122 1568 203 1614 bus
233 1581 463 1613 ramorum
483 1601 497 1623 ,
526 1566 577 1612 &
612 1565 920 1611 cacuminibus
954 1564 1134 1611 ferunt:
1166 1577 1215 1610 ut
1246 1566 1371 1628 pirus
1393 1603 1407 1624 ,

121 1640 314 1698 Punica,
335 1637 470 1697 ficus,
498 1649 704 1703 myrtus:
733 1649 884 1685 cetero
918 1639 1069 1685 eadem
1097 1650 1275 1695 natura,
1307 1657 1408 1702 quae

122 1713 337 1776 frugibus.
380 1712 586 1774 Namque
607 1711 725 1758 &in
759 1711 820 1757 eis
842 1710 961 1774 spica
987 1711 1032 1756 in
1060 1711 1291 1758 cacumine
1326 1730 1407 1758 na-

123 1786 285 1844 scitur,
315 1785 542 1848 legumina
573 1784 619 1829 in
653 1784 877 1832 lateribus.
915 1785 1062 1831 Palma
1092 1783 1286 1846 sola(ut
1310 1785 1406 1831 dic-

124 1870 220 1905 tum
239 1856 332 1921 est)
353 1857 400 1904 in
421 1856 585 1920 spathis
612 1855 745 1904 habet
765 1855 979 1916 fruffiun,
999 1856 1186 1903 racemis
1207 1873 1408 1920 propen-

127 1932 319 1982 dentem.
768 1963 797 1990 0

192 2005 354 2050 XLIX.
404 2002 606 2065 Reliquis
639 2001 717 2048 sub
755 2001 872 2047 folio
912 2018 1102 2064 pomum
1122 2038 1136 2060 ,
1170 2013 1219 2048 ut
1252 2013 1407 2065 prote-

127 2090 254 2141 gatur
274 2113 288 2136 ,
308 2088 494 2139 excepta
514 2076 603 2123 fico
618 2112 631 2135 ,
654 2076 726 2123 cui
758 2074 919 2121 folium
948 2075 1193 2136 maximum
1218 2078 1408 2123 umbro-

128 2150 423 2212 siffimumque
441 2185 454 2208 ,
476 2151 524 2197 &
552 2149 655 2195 ideo
677 2148 807 2210 supra
828 2148 873 2195 id
899 2165 1087 2211 pomum
1112 2167 1122 2195 ε
1156 2150 1197 2195 ei
1229 2150 1409 2196 demum

127 2224 262 2271 serius
282 2223 440 2270 folium
464 2223 656 2270 nascitur
673 2261 686 2282 ,
709 2241 841 2286 quam
859 2241 1063 2286 pomum,
1101 2224 1273 2289 Insigne
1295 2241 1406 2286 pro·-

128 2297 248 2343 ditur
280 2296 325 2342 in
354 2297 551 2359 quodam
578 2314 737 2360 genere
769 2296 967 2353 Ciliciae,
989 2296 1162 2360 Cypri,
1183 2296 1408 2351 Helladis,

129 2369 241 2418 ficos
264 2370 341 2417 sub
373 2370 488 2416 folio
507 2407 520 2428 ,
542 2372 712 2432 grossos
733 2388 848 2418 vero
867 2371 967 2433 post
986 2370 1147 2416 solium
1168 2371 1300 2417 nasci.
1335 2370 1408 2415 Fi-

129 2459 207 2496 cus
256 2445 306 2491 &
352 2457 580 2506 praecoces
613 2442 746 2491 habet
762 2479 777 2504 ,
823 2459 931 2507 quas
976 2443 1161 2489 Athenis
1209 2443 1407 2505 prndio--
