1653 2797
277 158 551 206 NATUR.
585 154 888 203 ffls‘roa.
933 156 1064 202 ΗΒ.
1114 157 1266 203 xvi.
1360 173 1417 221 95

141 265 198 313 lia
215 303 227 325 ,
250 269 300 316 &
327 266 562 322 tenuiora,
580 281 630 310 ac
661 261 800 326 magis
833 262 1025 325 algentia
1049 281 1058 309 ε
1096 272 1283 328 totaque
1312 264 1422 312 hor-

141 338 284 387 ridior
313 339 400 397 est,
431 339 481 384 &
510 333 684 398 perfusa
713 333 868 379 refina.
904 333 1096 396 Lignum
1129 336 1262 383 abieti
1303 336 1424 383 slmi-

140 412 238 461 lius.
291 411 424 460 Larix
459 408 564 455 ustis
596 407 823 454 radicibus
858 423 953 452 non
990 408 1260 470 repullulat,
1296 423 1345 458 ut
1378 413 1425 457 in

143 487 288 533 Lesbo
307 481 494 540 accidit,
527 480 713 528 incenso
747 496 934 526 nemore
954 482 1189 545 Pyrrhaeo,

205 557 305 605 Alia
337 554 580 602 etiamnum
615 553 850 618 generibus
880 552 981 616 ipsis
1011 553 1057 599 in
1087 552 1192 600 sexu
1223 555 1428 604 differen*

144 631 217 678 tia.
251 630 348 675 Mas
371 626 562 674 brevior
581 628 630 674 &
650 625 806 673 durior
826 644 836 672 ε
859 624 1024 673 femina
1043 626 1304 690 procerior,
1325 628 1428 690 pin-

143 702 377 769 guioribus
405 701 527 749 foliis
556 703 606 750 &
631 700 904 764 simplicibus
920 737 934 760 ,
954 712 1087 765 atque
1116 718 1211 748 non
1242 701 1429 764 rigenti-

143 778 241 824 bus.
280 775 474 842 Lignum
511 774 705 822 maribus
739 774 898 821 durum
918 811 932 833 ,
960 777 1009 823 ὃς
1037 774 1084 820 in
1110 773 1258 820 fabrili
1294 789 1431 836 opere

143 862 435 899 contortum:
460 848 637 896 feminae
657 847 866 907 mollius,
893 847 1080 911 publico
1111 846 1363 894 discrimine
1384 848 1431 894 in

144 923 386 971 securibus.
425 924 508 970 Hae
530 922 577 969 in
603 938 881 986 quocunque
904 938 1066 985 genere
1089 921 1433 984 deprehendunt

144 1013 344 1044 marem:
385 995 552 1060 quippe
594 994 890 1058 respuuntur,
925 997 974 1043 &
1011 993 1226 1059 fragosius
1259 992 1432 1054 fidunt,

146 1070 304 1134 aegrius
331 1067 627 1134 revelluntur.
663 1067 757 1131 Ipsa
784 1067 988 1114 materies
1016 1069 1239 1115 retorrida
1256 1105 1269 1128 ,
1294 1070 1343 1115 δέ
1367 1070 1433 1115 ni-

147 1145 273 1209 grior
297 1143 493 1191 maribus
518 1143 661 1190 radix.
697 1142 830 1188 Circa
860 1141 980 1187 Idam
1012 1141 1059 1187 in
1084 1141 1266 1188 Troade
1285 1144 1334 1189 &
1353 1143 1436 1189 alia

145 1217 399 1264 differentia
432 1216 494 1263 est
514 1253 528 1275 ,
561 1227 822 1273 montanae,
850 1214 1190 1277 maritimaeque.
1240 1216 1356 1260 Nam
1390 1215 1435 1261 in

148 1289 418 1336 Macedonia
449 1289 498 1335 &
530 1286 745 1344 Arcadia,
779 1286 984 1349 circaque
1018 1287 1119 1333 Elin
1139 1324 1152 1346 ,
1180 1302 1439 1351 permutant

149 1362 360 1420 nomina,
401 1377 484 1409 nec
514 1359 687 1408 constat
707 1359 991 1420 aucioribus,
1029 1363 1155 1424 quod
1179 1363 1340 1427 cuique
1362 1380 1438 1426 ge-

149 1433 246 1480 neri
277 1432 554 1479 attribuant:
593 1449 676 1478 nos
704 1431 780 1478 ista
808 1432 1022 1477 Romano
1055 1432 1343 1480 discernimus
1367 1433 1439 1496 ju-

150 1509 287 1556 dicio.
332 1507 466 1554 Abies
501 1524 524 1554 e
562 1507 729 1555 cunctis
765 1506 1027 1569 ampliffima
1061 1506 1153 1566 est,
1187 1509 1237 1555 ὃς
1274 1507 1441 1555 femina

148 1583 282 1629 etiam
304 1582 550 1645 prolixior:
570 1580 754 1628 materie
775 1579 962 1626 mollior
985 1578 1256 1644 utiliorque,
1276 1582 1438 1628 arbore

148 1654 427 1714 rotundior,
461 1653 578 1700 folio
623 1653 814 1717 pinnato
857 1651 1019 1712 densa,
1055 1668 1106 1699 ut
1140 1652 1302 1700 imbres
1343 1671 1441 1701 non

148 1727 441 1788 transmittat,
461 1741 593 1792 atque
619 1726 806 1774 hilarior
828 1726 874 1773 in
898 1738 1060 1773 totum.
1097 1728 1132 1773 E
1151 1727 1285 1775 ramis
1305 1745 1441 1791 gene—

151 1820 250 1849 rum
285 1804 451 1850 horum
488 1803 800 1866 panicularum
836 1801 978 1848 modo
1012 1814 1280 1849 nucamenta
1312 1802 1440 1867 squa-

152 1875 307 1922 matim
350 1876 587 1939 compacta
633 1874 919 1938 dependent,
954 1888 1253 1939 praeterquam
1300 1875 1440 1923 larici.

157 1953 267 1997 Haec
304 1950 461 1997 abietis
499 1949 734 2007 masculae,
766 1948 958 2012 primori
990 1961 1115 2011 parte
1144 1948 1329 1995 nucleos
1359 1950 1440 1996 ha-

153 2007 296 2070 bent:
331 2040 427 2070 non
463 2023 571 2069 item
606 2021 799 2068 feminae.
845 2021 990 2066 Piceae
1019 2036 1134 2067 vero
1168 2020 1277 2066 totis
1312 2021 1440 2083 pani-

156 2097 294 2155 culis,
321 2096 574 2152 minoribus
605 2093 1036 2160 gracilioribusque,
1056 2094 1269 2141 minimos
1291 2111 1341 2140 ac
1368 2094 1440 2139 ni-

157 2187 276 2234 gros.
313 2173 503 2234 Propter
527 2169 652 2233 quod
679 2166 832 2215 Graeci
855 2166 1224 2231 phthirophoron
1252 2182 1346 2225 eam
1366 2182 1441 2227 ap-

156 2242 337 2306 pellant.
367 2245 416 2289 In
439 2243 592 2289 eadem
614 2253 882 2288 nucamenta
905 2239 1228 2303 compreffiora
1251 2237 1443 2285 maribus

162 2316 260 2363 sunt
278 2353 292 2375 ,
322 2332 373 2362 ac
407 2315 555 2362 minus
583 2315 725 2361 resina
755 2312 945 2360 roscida,

234 2389 341 2436 XX.
375 2387 535 2434 Similis
560 2387 627 2433 his
659 2387 902 2433 etiamnum
929 2385 1103 2448 aspectu
1134 2384 1193 2430 est
1212 2420 1228 2441 ,
1260 2399 1314 2429 ne
1334 2382 1441 2446 quid

158 2478 444 2528 praetereatur
463 2497 479 2520 ‚
510 2476 665 2519 taxus,
685 2460 868 2507 minime
900 2460 1079 2515 virens,
1112 2455 1373 2520 gracilisque
1392 2458 1440 2503 ἃ
