1653 2797
243 196 331 244 228
486 195 545 242 C.
597 192 857 239 PL1N11
906 191 1286 240 SECUNDI

242 304 379 350 effent
400 302 513 349 satis.
546 302 656 347 Haec
688 312 834 347 autem
862 299 1065 346 mensura
1094 300 1242 364 plebei
1263 301 1365 364 post
1382 318 1515 352 exac-

242 389 314 422 tos
340 392 463 439 reges
486 374 694 438 assignata
714 372 788 420 est.

306 451 527 508 Quaenam
556 464 664 511 ergo
693 458 828 494 tantae
847 447 1061 496 ubertatis
1087 447 1213 496 causa
1244 449 1366 496 erat?
1396 450 1516 513 Ipso-

239 540 339 568 rum
373 535 482 569 tunc
509 521 709 568 manibus
744 523 1068 582 Imperatorum
1095 522 1359 570 colebantur
1393 524 1516 587 agri:

236 607 287 638 ut
313 592 376 639 fas
403 591 465 639 est
499 592 706 649 credere,
742 591 961 655 gaudente
989 605 1104 639 terra
1135 610 1323 640 vomere
1349 595 1517 641 laurea-

236 678 288 711 to
315 667 364 713 &
396 664 652 728 triumphali
671 677 874 710 aratore:
906 664 1000 710 five
1026 665 1091 710 illi
1125 666 1277 712 eadem
1311 684 1418 713 cura
1447 667 1515 713 se-

238 741 361 786 mina
396 738 666 796 traciabant,
703 754 791 800 qua
824 736 967 792 bella;
1005 738 1251 802 eademque
1286 741 1516 804 diligentia

239 830 349 860 arva
382 811 700 875 disponebant,
724 826 814 873 qua
843 808 1002 856 castra:
1025 810 1120 856 five
1146 809 1341 857 honestis
1371 812 1516 858 mani-

238 887 319 932 bus
345 885 501 931 omnia
534 883 675 928 laetius
709 881 1011 943 proveniunt,
1036 880 1255 943 quoniam
1279 885 1328 930 δε
1357 883 1514 929 curio-

236 959 324 1005 fius
346 957 472 1002 fiunt.
507 956 735 1001 Serentem
756 954 1031 1000 invenerunt
1053 954 1143 999 dati
1166 954 1366 1000 honores
1386 956 1524 1007 Sera-‚

238 1049 372 1087 num,
407 1029 525 1076 unde
561 1044 834 1091 cognomen.
867 1027 1022 1073 Aranti
1043 1042 1238 1090 quatuor
1264 1027 1337 1073 sua
1363 1026 1516 1089 jugera

235 1107 283 1151 in
302 1104 525 1151 Vaticano
541 1139 554 1161 ,
579 1120 680 1167 quae
699 1103 823 1149 Prata
845 1102 1057 1161 Quinffia
1080 1101 1379 1164 appellantur,
1401 1102 1516 1148 Cin-

236 1179 422 1225 cinnato
455 1178 616 1223 Viator
651 1174 799 1221 attulit
830 1174 1110 1221 Dictaturam
1129 1211 1142 1230 ‚
1161 1175 1210 1220 ὅ(
1229 1174 1442 1237 quidem,
1466 1187 1516 1220 ut

236 1251 458 1307 traditur,
487 1251 610 1296 nudo
630 1286 643 1308 ,
675 1249 902 1312 plenoque
920 1249 1119 1310 pulveris
1153 1248 1395 1294 etiamnum
1419 1264 1513 1294 ore.

240 1325 328 1372 Cui
355 1325 517 1370 Viator
534 1360 548 1380 ,
568 1323 680 1369 Vela
702 1338 868 1385 corpus
882 1358 894 1379 ,
920 1321 1093 1384 inquit,
1123 1334 1171 1366 ut
1191 1319 1417 1383 proferam
1438 1321 1517 1367 Se-

238 1412 366 1445 natus
388 1398 638 1461 populique
658 1396 854 1442 Romani
874 1396 1092 1442 mandata.
1124 1396 1255 1444 Tales
1272 1408 1367 1441 tum
1383 1395 1515 1442 etiam

239 1472 450 1517 Viatores
485 1482 644 1516 erant:
685 1470 813 1533 quod
851 1469 992 1531 ipsum
1029 1487 1197 1516 nomen
1231 1469 1422 1515 inditum
1453 1467 1516 1516 est

238 1544 422 1591 subinde
442 1546 491 1591 &
510 1560 566 1589 ex
582 1542 697 1605 agris
717 1544 924 1589 Senatum
949 1542 1171 1607 ducesque
1189 1542 1516 1590 arceffentibus.

240 1621 302 1666 At
326 1624 446 1663 nun'c
476 1616 626 1662 eadem
644 1614 720 1660 illa
749 1615 887 1660 vinffi
908 1616 1040 1677 pedes
1055 1651 1069 1672 ,
1091 1617 1308 1661 damnatae
1331 1631 1514 1672 manus,

239 1688 532 1752 inscriptique
549 1686 702 1734 vultus
719 1695 954 1732 exercent:
982 1702 1077 1732 non
1098 1698 1248 1734 tamen
1276 1686 1403 1733 surda
1427 1687 1513 1733 tel-

240 1763 337 1809 }ure
360 1798 374 1820 ,
424 1778 525 1823 quae
579 1775 735 1822 parens
787 1758 1035 1821 appellatur
1051 1795 1065 1817 ,
1119 1760 1300 1823 colique
1352 1759 1514 1807 dicitur

241 1835 361 1899 ipsa:
396 1835 574 1880 honore
606 1832 674 1878 his
704 1831 893 1878 affumto
913 1867 927 1889 ,
958 1844 1008 1878 ut
1041 1845 1138 1879 non
1169 1833 1314 1880 invita
1346 1850 1397 1879 ea
1416 1869 1430 1891 ,
1463 1834 1514 1880 &

240 1909 472 1972 indignata
488 1943 501 1965 ,
538 1904 742 1952 credatur
767 1904 813 1950 id
839 1903 947 1950 fieri.
979 1905 1064 1951 Sed
1098 1922 1182 1952 nos
1206 1905 1418 1952 miramur
1439 1922 1512 1952 er-

240 1979 512 2044 gastulorum
535 1993 630 2023 non
661 1976 814 2023 eadem
840 1976 1142 2023 emolumenta
1167 1978 1250 2024 effe
1265 2013 1280 2037 ,
1297 1994 1399 2042 quae
1415 1975 1513 2024 fue-

241 2053 333 2100 rint
363 2055 701 2115 Imperatorum.

319 2129 375 2172 V.
409 2125 547 2188 Igitur
574 2124 626 2170 de
659 2124 831 2170 cultura
862 2123 953 2186 agri
987 2123 1227 2187 praecipere
1266 2122 1513 2187 principale

239 2198 326 2245 fuit
354 2197 486 2244 etiam
508 2196 625 2259 apud
646 2212 842 2242 exteros.
877 2196 1101 2259 Siquidem
1120 2197 1169 2242 &
1195 2212 1318 2261 reges
1337 2194 1513 2253 fecere,

244 2271 415 2329 Hiero,
449 2269 750 2327 Philometor,
782 2269 982 2327 Attalus,
1001 2268 1267 2315 Archelaus:
1303 2269 1353 2315 &
1379 2267 1510 2314 duces

242 2343 514 2407 Xonophon
533 2378 546 2401 ,
576 2344 625 2390 &
660 2345 827 2389 Poenus
858 2343 990 2389 etiam
1026 2345 1193 2407 Mago:
1229 2342 1304 2390 cui
1331 2341 1509 2406 quidem

241 2428 416 2462 tantum
441 2415 665 2462 honorem
690 2417 874 2462 Senatus
901 2415 1050 2463 noster
1070 2416 1224 2462 habuit
1241 2413 1510 2476 Carthagine

248 2502 374 2552 capta
388 2527 404 2548 ‚
433 2500 482 2537 ut
507 2507 606 2538 curn
627 2490 788 2554 regulis
810 2489 970 2537 Africae
991 2488 1514 2584 bibliothecasadqnaret,
