1653 2797
228 179 1247 230 NATUR.HISTOR.LIB.XV11.
1329 183 1416 244 187

136 286 245 335 alias
280 288 512 346 seruntur,
545 304 597 334 ac
629 287 783 334 vineas
823 290 1039 349 maxime,
1077 292 1234 339 caeduo
1275 291 1417 355 ligno.

134 361 443 425 Principatum
460 361 507 406 in
534 359 586 406 iis
604 359 814 406 obtinent
831 359 981 408 salices
994 399 1008 420 ,
1029 380 1220 426 quarum
1240 365 1350 412 satio
1365 364 1417 411 fit

134 433 244 481 loco
265 433 468 481 madido:
491 444 640 479 tamen
666 432 834 479 refoffo
861 433 976 480 duos
1000 436 1132 496 pedes
1158 439 1210 484 ὅτ.
1226 436 1415 500 semipe—

133 507 265 565 dem,
284 506 406 553 'talea
435 504 754 570 sesquipedali,
788 506 865 553 vel
885 507 1053 569 pertica
1073 543 1086 565 ‚
1112 526 1212 571 quae
1234 510 1417 567 utilior,

133 595 231 643 quo
270 578 465 641 plenior.
514 578 763 625 Intervallo
802 578 886 625 effe
929 579 1093 626 debent
1128 582 1263 643 pedes
1309 583 1416 629 seni.

132 651 302 698 Trimae
335 652 526 714 pedibus
562 651 680 698 binis
711 669 736 697 a
770 662 889 697 terra
928 651 1165 714 putatione
1199 669 1417 699 coercen-

130 737 227 782 tur,
261 734 311 769 ut
342 723 386 770 se
419 724 466 770 in
508 723 790 771 latitudinem
833 722 1050 782 fundant,
1085 741 1137 771 ac
1170 724 1260 770 fine
1290 725 1416 773 scalis

131 796 422 843 tondeantur.
460 796 582 844 Salix
610 796 731 843 enim
765 796 1026 844 foecundior
1050 798 1136 857 est,
1161 815 1255 862 quo
1284 810 1417 844 terrae

133 869 344 932 propior.
385 871 476 916 Has
509 886 692 932 quoque
721 869 931 915 omnibus
958 869 1085 916 annis
1114 869 1305 917 confodi
1340 868 1415 931 ju-

131 942 242 989 bent
276 941 435 1005 mense
459 942 621 1004 Aprili.
667 943 776 989 Haec
812 942 874 988 est
902 943 1189 990 vhninalium
1227 943 1415 990 cultura.

128 1012 360 1060 Perticalis
389 1014 441 1059 &
465 1013 594 1076 virga
614 1015 665 1061 &
694 1014 805 1059 talea
835 1013 994 1060 seritur
1011 1051 1027 1072 ,
1053 1014 1218 1062 fossura
1244 1015 1413 1062 eadem.

130 1086 325 1133 Perticas
365 1102 422 1132 ex
457 1102 508 1132 ea
535 1087 646 1132 caedi
680 1085 845 1148 justum
872 1087 934 1133 est
960 1102 1122 1152 quarto
1150 1088 1243 1134 fere
1277 1106 1417 1135 anno.

129 1161 188 1206 Et
205 1175 269 1205 eae
293 1170 442 1205 autem
464 1158 784 1205 senescentium
811 1161 1055 1224 propagine
1075 1161 1321 1207 resarciunt
1343 1160 1418 1206 lo-

130 1249 235 1279 cum
255 1267 269 1290 ‚
299 1231 472 1295 pertica
505 1230 736 1287 immersa,
768 1248 817 1278 ac
844 1231 945 1294 post
975 1249 1142 1279 annum
1162 1232 1315 1279 recisa.
1336 1233 1417 1278 Sa·-

127 1303 229 1350 licis
263 1303 492 1349 viminalis
520 1302 672 1366 jugera
697 1302 866 1366 singula
889 1302 1112 1350 sufficiunt
1131 1318 1245 1350 XXV
1266 1304 1417 1350 vineae

128 1374 369 1439 jugeribus.
410 1373 614 1437 Ejusdem
647 1375 709 1421 rei
751 1375 878 1421 causa
909 1376 1105 1439 populus
1135 1376 1232 1422 alba
1260 1375 1418 1422 seritur

128 1449 383 1511 bipedaneo
414 1447 662 1511 passimam,
691 1448 804 1495 talea
824 1447 1144 1511 sesquipedali,
1172 1448 1310 1493 biduo
1331 1447 1416 1494 fic·-

128 1536 254 1582 cata,
282 1522 531 1587 palmipede
553 1522 822 1580 intervallo,
842 1533 958 1568 terra
984 1520 1274 1585 superinjesla
1299 1521 1416 1568 duo-

126 1613 227 1642 rum
262 1595 521 1643 cubitorum
558 1594 852 1641 craffitudine.

191 1671 404 1717 XXXIII.
421 1668 611 1714 Arundo
637 1669 881 1714 etiamnum
899 1666 1135 1726 dilutiore,
1161 1685 1296 1732 quam
1319 1668 1413 1727 hae,

126 1743 227 1792 solo
256 1744 432 1809 gaudet.
465 1744 638 1790 Seritur
667 1742 810 1790 bulbo
837 1741 1024 1800 radicis,
1043 1759 1179 1806 quem
1200 1741 1275 1787 alii
1295 1759 1412 1788 ocu-

128 1816 222 1864 lum
256 1831 455 1873 vocant‚
488 1816 737 1863 dodrantali
768 1815 925 1862 scrobe
945 1851 959 1874 ,
998 1815 1241 1862 intervallo
1275 1815 1413 1862 duum

129 1889 296 1952 pedum
329 1890 380 1935 &
422 1888 687 1951 semipedis:
725 1886 1013 1950 reficiturque
1046 1905 1103 1933 ex
1140 1887 1225 1934 sese
1259 1900 1413 1934 vetere

129 1960 399 2007 arundineto
417 1960 681 2023 exstirpato,
698 1960 823 2023 quod
842 1960 995 2007 utilius
1015 1971 1260 2024 repertum,
1277 1978 1410 2024 quam

131 2032 318 2080 castrare
335 2069 350 2091 ,
378 2033 489 2080 sicut
519 2046 662 2080 antea.
686 2035 895 2096 Namque
928 2033 1045 2080 inter
1073 2032 1113 2079 se
1140 2032 1306 2080 radices
1327 2032 1414 2080 ser-

128 2118 272 2169 punt,
307 2118 557 2170 mutuoque
586 2104 783 2152 discursu
819 2117 995 2152 nentur.
1024 2106 1222 2169 Tempus
1254 2104 1413 2152 conse-

129 2178 292 2235 rendi,
316 2177 574 2242 priusquam
605 2178 733 2225 oculi
775 2178 1047 2224 arundinum
1084 2177 1380 2224 intumescant
1396 2213 1411 2235 ‚

131 2262 232 2298 ante
256 2250 480 2298 Kalendas
509 2252 706 2298 Martias.
740 2250 913 2298 Crescit
941 2251 997 2297 ad
1025 2252 1227 2298 brumam
1253 2249 1412 2312 usque:

131 2325 402 2388 desinitque,
425 2341 526 2372 cum
546 2324 773 2371 durescere
793 2324 966 2387 incipit.
987 2325 1091 2371 Hoc
1111 2323 1282 2388 signum
1300 2335 1411 2368 tem-

131 2399 353 2463 pestivam
383 2398 517 2445 habet
556 2399 781 2447 caesuram.
817 2402 873 2446 Et
907 2399 1020 2445 hanc
1059 2410 1205 2444 autem
1234 2396 1411 2459 quoties

133 2475 184 2521 &
214 2473 396 2521 vineam
423 2471 683 2519 fodiendam
707 2485 879 2536 putant.
913 2472 1079 2518 Seritur
1112 2472 1161 2517 &
1189 2469 1411 2516 transver-
