1653 2797
218 166 307 212 332
472 152 525 197 C.
570 151 831 197 PLINII
877 151 1246 202 SECUNDI

212 258 322 304 tium
359 257 711 305 effascinationes
732 294 746 316 ‚
789 258 927 306 dicari
967 260 1170 309 videmus
1203 262 1251 308 in
1285 264 1483 311 remedio

213 329 400 392 satyrica
438 331 583 394 signa,
620 349 874 396 quanquam
908 333 1067 379 hortos
1107 334 1258 381 tutelae
1295 337 1484 384 Veneris

213 401 452 465 affignante
488 404 659 451 Plauto,
709 406 802 451 Jam
835 405 1014 468 quidem
1036 406 1275 454 hortorum
1302 409 1485 456 nomine

212 474 259 519 in
294 474 385 537 ipsa
416 476 539 523 Urbe
576 476 779 534 delicia5‚
809 494 969 540 agros‚·
1003 478 1216 542 villasque
1252 481 1486 544 poffident.

211 547 380 593 Primus
411 548 499 595 hoc
534 548 717 595 instituit
750 549 939 596 Athenis
977 551 1194 613 Epicurus
1229 553 1312 599 otii
1341 554 1486 617 magi-

213 618 317 665 ster:
342 620 492 684 Usque
526 622 581 668 ad
608 639 707 668 eum
748 620 889 667 moris
924 638 1020 668 non
1051 622 1193 670 fuerat
1224 625 1272 672 in
1306 626 1486 690 oppidis

212 692 398 740 habitari
434 712 549 742 rura.
588 695 747 740 Romae
786 693 966 762 quidem
1002 712 1083 759 per
1119 695 1161 743 se
1194 697 1349 746 hortus
1381 717 1486 765 ager

210 778 418 829 pauperis
450 781 555 815 erat.

278 857 318 886 2.
349 842 417 886 Ex
441 840 578 886 horto
608 840 755 904 plebei
782 842 1016 890 macellum
1033 878 1047 902 ‚
1067 856 1239 908 quanto
1261 844 1485 892 innocen-

211 911 328 958 tiore
348 912 493 958 vietu!
525 914 668 978 Mergi
685 914 828 973 enim,
853 916 988 963 credo
1003 952 1016 974 ‚
1039 916 1085 962 in
1106 916 1334 980 profunda
1353 917 1487 965 satius

211 985 298 1042 est,
329 987 378 1032 &
412 986 658 1034 ostrearum
691 1005 852 1052 genera
887 989 1119 1054 naufragio
1154 990 1358 1055 exquiri,
1379 1007 1487 1040 aves

212 1060 328 1106 ultra
361 1061 584 1108 phasidem
620 1079 795 1109 amnem
829 1063 943 1126 peti,
977 1065 1027 1110 &
1064 1062 1269 1114 fabuloso
1305 1065 1487 1130 quidem

211 1145 383 1180 terrore
416 1146 559 1194 tutas,
590 1135 730 1182 immo
759 1136 817 1183 fic
840 1137 1155 1200 pretiosiores,
1184 1139 1290 1186 alias
1317 1139 1365 1185 in
1385 1140 1485 1186 Nu-

211 1206 390 1253 midiam
411 1243 424 1265 ‚
460 1220 591 1271 atque
628 1209 872 1272 AEthiopiae
908 1209 1139 1273 sepulcra:
1178 1223 1251 1259 aut
1290 1230 1486 1277 pugnare

211 1295 312 1325 cum
331 1278 434 1326 feris
453 1316 465 1336 ‚
495 1280 734 1343 mandique
756 1282 1001 1345 capientem
1025 1282 1151 1346 quod
1166 1284 1346 1330 mandat
1363 1282 1487 1330 alius.

215 1353 272 1397 At
302 1351 479 1399 hercule
508 1371 641 1416 quam
666 1353 775 1399 vilia
809 1354 903 1400 haec
922 1390 935 1412 ‚
970 1371 1103 1417 quam
1131 1366 1282 1416 parata
1315 1354 1486 1418 volup-

211 1424 289 1470 tati
312 1424 611 1489 satietatique3
634 1425 713 1471 nisi
741 1426 914 1484 eadem,
937 1443 1035 1489 quae
1054 1426 1219 1490 ubique
1235 1464 1250 1484 ,
1277 1426 1487 1490 indigna-

211 1497 277 1542 tio
299 1511 553 1545 occurreret
572 1498 582 1544 Ξ
614 1500 860 1546 Ferendum
885 1499 986 1546 sane
1013 1499 1147 1547 fuerit
1169 1498 1387 1564 exquifita
1406 1516 1487 1548 na-

212 1568 271 1615 sci
289 1586 423 1632 poma
439 1606 451 1628 ‚
479 1571 562 1617 alia
589 1571 767 1633 sapore,
789 1572 872 1618 alia
891 1573 1197 1635 magnitudine
1215 1608 1228 1632 ,
1253 1571 1338 1619 alia
1354 1588 1485 1619 mon-

211 1639 324 1699 str0‚
353 1642 618 1704 pauperibus
652 1642 908 1688 interdicta:
944 1643 1188 1690 inveterari
1220 1643 1360 1699 vina,
1390 1641 1485 1690 sac-

212 1713 360 1778 cisque
391 1714 587 1762 castrari:
617 1732 697 1762 nec
726 1715 934 1778 cuiquam
960 1715 1071 1761 adeo
1095 1714 1277 1779 longam
1301 1714 1385 1762 effe
1410 1715 1486 1763 vi-

213 1799 302 1832 tam
318 1823 331 1844 ‚
363 1799 412 1833 ut
441 1804 536 1834 non
563 1799 664 1834 ante
683 1787 723 1834 se
744 1787 890 1851 genita
915 1799 1068 1849 potet:
1098 1804 1121 1834 e
1141 1786 1342 1850 frugibus
1365 1803 1484 1849 quo—

212 1877 299 1924 que
319 1862 548 1926 quoddam
568 1861 827 1909 alimentum
845 1861 923 1907 fibi
945 1860 1213 1925 excogitasse
1234 1858 1484 1920 luxuriam,

210 1949 260 1980 ac
294 1934 530 1981 medullam
552 1947 725 1982 tantum
757 1952 936 1981 earum:
966 1933 1181 1997 superque
1203 1931 1484 1996 pistrinarum

213 2006 424 2067 operibus
453 2009 502 2054 &
523 2007 737 2055 caelaturis
758 2007 943 2064 vivere,
968 2007 1057 2053 alio
1077 2022 1189 2069 pane
1216 2021 1482 2068 procerum,

213 2078 304 2123 alio
342 2079 499 2143 vulgi,
531 2091 601 2125 tot
633 2079 865 2143 generibus
898 2078 1036 2143 usque
1069 2079 1125 2126 ad
1155 2076 1354 2124 infimam
1387 2077 1484 2139 ple-

211 2153 313 2200 bem
335 2153 623 2201 descendente
644 2171 836 2202 annona.
868 2153 1069 2201 Etiamne
1095 2153 1142 2198 in
1165 2151 1313 2199 herbis'
1333 2150 1482 2198 discri-

212 2241 315 2272 men
342 2226 578 2272 inventum
610 2226 696 2283 est,
721 2225 913 2289 opesque
943 2224 1236 2271 differentiam
1262 2223 1404 2270 fecere
1434 2223 1481 2268 in

214 2299 348 2356 cibo,
384 2299 517 2346 etiam
549 2316 645 2346 uno
678 2300 760 2345 affe
788 2298 971 2345 venali?
1007 2300 1055 2345 In
1088 2298 1154 2344 his
1187 2314 1370 2361 quoque
1398 2295 1479 2343 ali-

214 2387 299 2433 qua
332 2370 410 2417 fibi
440 2370 558 2418 nasci
589 2372 729 2418 tribus
754 2384 944 2435 negant,
979 2371 1101 2419 caule
1133 2371 1178 2416 in
1210 2383 1380 2417 tantum
1411 2368 1479 2415 sa-

215 2444 393 2508 ginato,
430 2457 479 2491 ut
513 2445 717 2508 pauperis
747 2443 892 2492 mensa
927 2461 1023 2493 non
1055 2444 1209 2508 capiat.
1252 2441 1478 2491 Silvestres
