1653 2797
295 178 570 236 N‘ATUR.
607 186 913 234 HISTOR.
949 187 1281 261 mlixvu.
1359 204 1444 255 159

170 290 233 342 tia
267 297 317 344 &
353 297 501 361 aliqua
537 295 584 341 in
622 293 918 357 propositum.
958 297 1092 343 Certe
1130 299 1329 359 Cicero,
1367 300 1449 347 lux

105 401 110 408 -
171 368 476 415 dofihinarum
493 367 650 424 altera,
665 364 882 422 Meliora,
895 365 1068 429 inquit,
1088 383 1314 434 unguenta
1329 372 1449 432 sunt,

171 457 275 505 quae
302 449 487 497 terram,
508 455 641 502 quam
672 452 771 502 quae
793 447 981 486 crocum
1000 439 1185 503 sapiunt.
1203 445 1306 493 Hoc
1330 446 1450 493 enim

173 513 334 560 maluit-
357 512 536 570 dixisse,
568 527 706 575 quam
726 511 945 559 redolent.
969 515 1033 560 Ita
1060 513 1122 560 est
1145 517 1375 577 profef'to:
1401 519 1451 566 il-

174 587 216 633 la
247 585 331 632 erit
362 586 566 649 optima,
589 602 690 650 quae
723 598 953 649 unguenta
982 585 1132 649 sapiat.
1163 590 1305 649 Quod
1323 592 1353 638 fi
1374 594 1453 639 ad-

174 657 394 704 monendi
412 656 584 716 sumus,
606 655 750 721 qualis
768 656 820 703 fit
840 669 969 704 terrae
986 659 1106 705 odor
1134 659 1209 706 ille
1228 663 1306 724 qui
1326 681 1453 726 (μιξε-

169 731 287 778 ritur
305 767 318 789 ,
348 730 575 795 contingit
602 730 714 794 saepe
745 730 878 777 etiam
898 730 1152 795 quiescente
1172 750 1225 781 ea
1260 733 1340 781 sub
1372 753 1454 783 oc-

174 806 325 854 casum
348 806 491 865 Solis,
518 807 568 856 in
604 821 698 870 quo
736 804 844 853 loco
872 823 999 854 arcus
1033 806 1217 855 caelestis
1245 808 1457 872 dejecerit

175 879 322 943 capita
357 879 452 926 sua:
489 880 539 926 &
566 893 669 926 cum
694 895 719 925 a
750 878 948 926 ficcitate
977 879 1194 926 continua
1223 880 1458 928 immaduit

175 955 349 1002 imbre:
379 965 488 1000 tunc
524 953 689 999 emittit
717 952 845 999 illum
883 951 1007 999 suum
1029 953 1218 1000 halitum
1242 955 1459 1007 ‚divinum

176 1047 234 1077 ex
259 1028 364 1075 Sole
392 1038 697 1090 conceptum,
731 1028 804 1074 cui
839 1029 1091 1090 comparari
1124 1028 1316 1076 suavitas
1340 1031 1462 1077 nulla

127 1168 131 1170 -
177 1104 326 1169 poffit.
356 1105 394 1150 Is
419 1102 504 1149 effe
535 1103 654 1149 odor
685 1101 731 1148 in
754 1114 983 1150 commota
1015 1103 1219 1160 debebit,
1239 1106 1463 1167 repertus-

178 1194 268 1241 que
299 1177 526 1223 neminem
552 1176 704 1223 fallet:
742 1195 792 1224 ac
826 1177 879 1224 de
906 1189 1022 1224 terra
1044 1179 1164 1224 odor
1191 1179 1363 1241 optime
1392 1179 1463 1241 ju-

179 1249 362 1297 dicabit.
391 1249 515 1296 Talis
543 1248 635 1295 fere
660 1249 759 1295 est
750 1266 796 1295 m
822 1250 1066 1298 novalibus
1091 1250 1199 1298 caesa
1221 1265 1377 1299 vetere
1395 1253 1464 1299 fil-

179 1339 274 1381 νει,
303 1340 404 1386 quae
429 1321 648 1369 consensu
667 1322 882 1369 laudatur.

248 1396 332 1443 Et
322 1413 367 1441 m
389 1395 430 1441 fi
432 1395 589 1459 ugibus
620 1396 803 1460 quidem
835 1395 1028 1442 ferendis
1059 1398 1213 1443 eadem
1238 1409 1354 1445 terra
1374 1399 1465 1446 uti-

181 1468 272 1517 lior
295 1468 585 1531 intelligitur,
606 1468 787 1531 quoties
813 1468 1052 1514 intermifi'a
1075 1470 1250 1516 cultura
1268 1471 1465 1534 quievit:

183 1543 348 1608 quod
338 1559 384 1588 m
417 1542 564 1588 vineis
597 1557 694 1587 non
721 1539 783 1586 fit.
815 1543 975 1621 quue
1007 1540 1263 1605 diligentius
1294 1543 1466 1608 eligen—

182 1619 238 1664 da
274 1615 363 1673 est,
401 1630 457 1660 ne
492 1630 602 1661 vera
631 1612 806 1659 exfistat
844 1613 1005 1675 opinio
1037 1629 1226 1673 eorum,
1265 1615 1344 1680 qui
1378 1616 1467 1676 jam

182 1688 319 1738 Italiae
352 1700 516 1735 terram
547 1686 858 1733 existimavere
894 1686 1055 1735 lassam.
1091 1689 1254 1751 Operis
1284 1689 1466 1753 quidem

184 1764 372 1812 facultas
399 1762 447 1808 in
466 1760 562 1808 aliis
584 1761 818 1824 generibus
837 1760 1012 1807 constat
1029 1763 1079 1809 ὃ(
1103 1762 1239 1808 caelo:
1280 1779 1362 1810 nec
1383 1780 1471 1827 po-

185 1838 269 1885 test
291 1837 402 1884 arari
422 1835 524 1899 post
548 1835 711 1881 imbres
739 1834 912 1897 aliqua„
935 1834 1148 1881 ubertatis
1177 1836 1297 1882 vitio
1325 1836 1470 1883 lente—

190 1910 329 1958 scens.
358 1911 570 1966 Contra,
605 1909 653 1954 in
688 1909 889 1972 Byzacio
924 1906 1088 1953 Africae
1127 1907 1253 1956 illum
1283 1921 1471 1956 centena

188 1985 503 2048 quinquagena
537 1982 660 2046 fruge
695 1982 889 2028 fertilem
925 1998 1130 2043 campum
1151 2018 1163 2040 ‚
1200 1982 1332 2029 nullis
1369 2000 1473 2030 cum

189 2058 330 2105 siccus
351 2056 438 2115 est,
465 2056 674 2102 arabilem
702 2055 865 2112 tauris,
894 2053 994 2116 post
1014 2053 1176 2100 imbres
1197 2054 1280 2113 vili
1306 2055 1440 2101 asello
1459 2092 1472 2113 ‚

192 2131 242 2177 &
268 2146 292 2175 a
322 2141 446 2192 parte
467 2128 603 2175 altera
632 2127 750 2190 jugi,
773 2142 860 2173 anu
880 2130 1112 2180 vomerem
1146 2126 1376 2185 trahente,
1400 2128 1473 2174 vi-

190 2203 336 2248 dimus
357 2201 511 2268 scindi.
536 2204 723 2249 Terram
750 2199 869 2246 enim
899 2211 1010 2245 terra
1043 2199 1271 2245 emendari
1299 2199 1372 2263 (ut
1389 2200 1471 2246 ali-

189 2275 270 2339 qui
303 2273 593 2338 praecipiunt)
621 2273 747 2336 super
778 2288 959 2320 tenuem
991 2272 1147 2336 pingui
1178 2272 1361 2333 injefiffl,
1399 2289 1477 2320 aut

192 2346 348 2411 gracili
380 2345 621 2409 bibulaque
648 2344 777 2408 super
802 2344 1030 2390 humidam
1061 2361 1111 2390 ac
1136 2345 1442 2407 praepinguem
1461 2382 1474 2400 ,

193 2420 416 2467 dementia
448 2435 598 2482 operae
633 2417 707 2464 est,
748 2419 874 2479 Quid
907 2417 1054 2481 potest
1086 2417 1259 2481 sperare
1293 2421 1369 2483 qui
1407 2432 1475 2466 ta·-

199 2493 287 2540 lem
319 2492 468 2540 colit}
