1653 2797
247 124 522 172 NATUR.
556 122 866 171 HISTOR.
896 125 1021 171 [ΓΒ.
1055 123 1238 172 XVII.
1334 138 1413 189 151

136 233 186 279 &
211 232 489 295 pampinatio
510 232 695 277 inventa
712 230 860 292 primo
885 232 1067 279 Stoloni
1093 233 1212 279 dedit
1229 249 1418 283 nomen⁴

136 303 235 349 Fuit
263 306 312 352 &
346 304 555 352 arborum
592 317 697 347 cura
731 301 900 364 legibus
930 303 1116 364 priscis:
1151 315 1423 365 cautumque

104 372 107 376 ’
139 375 199 421 est
231 390 306 421 ΧΠ
338 374 530 430 tabulis,
570 385 620 420 ut
657 371 735 436 qui
764 372 930 434 injuria
965 376 1189 422 cecidisset
1222 375 1383 421 alienas
1406 410 1422 433 ‚

140 449 282 499 lueret
311 448 357 494 in
399 445 588 510 singulas
629 447 726 492 aeris
757 459 887 493 xxm
921 447 1050 506 Quid
1090 447 1387 494 existimamus
1408 483 1421 505 ‚

140 518 409 568 venturasne
442 535 512 567 eas
541 517 770 564 credidifl'e
802 518 858 565 ad
887 517 1018 580 supra
1044 518 1203 565 dietam
1232 519 1426 565 aestima-

141 594 313 639 tionem
343 591 473 649 illos,
501 591 577 654 qui
600 590 835 652 frugiferas
862 591 975 638 tanti
1003 593 1300 639 taxaverant?
1325 595 1425 640 Nec

137 665 284 715 minus
305 664 567 711 miraculum
584 664 629 709 in
652 681 794 726 pomo
816 664 902 721 est,
921 663 1161 711 multarum
1182 665 1302 712 circa
1321 665 1425 712 sub-

139 736 310 783 urbana
348 736 491 783 fruftu
520 753 672 782 annuo
711 736 884 783 addi&o
914 736 1028 784 binis
1053 736 1250 783 millibus
1289 754 1429 783 num-

139 810 295 856 mum:
330 809 500 871 majore
519 810 787 872 singularum
812 809 983 868 reditu,
1013 827 1146 873 quam
1178 821 1272 856 erat
1308 810 1430 874 apud>

140 884 349 947 antiquos
386 884 677 946 praediorum.
715 883 792 929 Ob
820 883 912 930 hoc
944 883 1095 942 insita,
1136 885 1185 931 &
1212 884 1425 931 arborum

141 973 325 1020 quoque
368 956 583 1003 adulteria
623 957 882 1020 excogitata
917 956 1016 1003 sunt
1037 993 1050 1015 ‚
1091 972 1141 1003 ut
1173 973 1256 1004 nec
1289 975 1426 1021 poma

142 1027 410 1091 pauperibus
439 1027 736 1076 nascerentur.
773 1029 909 1074 Nunc
940 1044 1048 1092 ergo
1071 1028 1300 1087 dicemus,
1330 1047 1431 1095 quo-

141 1101 335 1150 maxime
362 1101 503 1150 modo
535 1112 709 1149 tantum
742 1117 798 1147 ex
835 1100 902 1147 his
940 1101 1131 1165 veffigal
1166 1103 1429 1166 contingat,

143 1190 300 1219 veram
341 1172 521 1223 colendi
558 1172 779 1220 rationem
817 1173 1153 1236 absolutamque
1186 1174 1432 1237 prodituri.

108 1237 110 1241 ’
142 1249 199 1292 Et
226 1247 330 1293 ideo
361 1263 455 1292 non
494 1247 673 1310 vulgata
716 1246 994 1293 tractabimus
1016 1283 1029 1305 ‚
1070 1264 1153 1296 nec
1182 1266 1286 1311 quae
1313 1265 1437 1296 con-⁷

143 1320 254 1367 stare
285 1319 714 1375 animadvertimus3
742 1320 814 1366 sed
845 1320 1014 1370 incerta
1040 1334 1172 1386 atque
1199 1323 1355 1380 dubia,
1379 1324 1429 1370 in

143 1393 307 1456 quibus
340 1388 535 1438 maxime
571 1391 738 1438 fallitur
769 1391 876 1438 vita.
924 1394 1038 1439 Nam
1068 1394 1344 1457 diligentiam
1379 1394 1431 1440 in

144 1465 432 1528 supervacuis
458 1466 657 1512 affeftare
675 1500 689 1523 ‚
717 1480 813 1510 non
845 1464 1049 1511 nostrum
1080 1465 1154 1512 est.
1183 1468 1301 1513 Ante
1328 1484 1428 1513 om-

147 1539 220 1586 nia
252 1539 299 1584 in
322 1538 580 1587 universum
599 1574 615 1597 ,
637 1539 687 1584 &
718 1554 817 1600 quae
848 1537 903 1583 ad
934 1540 1092 1586 cuneta
1119 1539 1330 1585 arborum
1350 1556 1440 1603 ge*

149 1627 258 1661 nera
283 1609 509 1673 pertinent
535 1610 582 1656 in
612 1624 882 1667 commune,
904 1608 958 1656 de
984 1609 1098 1658 caelo
1127 1621 1332 1674 terraque
1358 1612 1429 1659 di·-

149 1700 317 1734 cemus.

211 1758 260 1813 II.
294 1755 524 1820 Aquilone
552 1755 744 1805 maxime
774 1756 995 1820 gaudent,
1021 1756 1248 1804 densiores
1275 1758 1330 1804 ab
1363 1757 1428 1804 af-

146 1828 255 1881 flatu
282 1828 389 1891 ejus·
406 1828 711 1893 laetioresque,
731 1832 779 1878 δε
795 1830 990 1878 materiae
1015 1829 1239 1879 firmioris.
1259 1833 1362 1892 Qua
1382 1833 1430 1879 in

147 1918 195 1949 re
232 1901 433 1964 plerique
474 1901 719 1961 falluntur,
759 1919 861 1949 cum
895 1902 942 1948 in
980 1902 1126 1949 vineis
1167 1904 1443 1966 pedamenta

150 1990 246 2022 non
279 1974 363 2019 fint
396 1991 420 2019 a
449 1986 592 2021 vento
621 1992 678 2022 eo
709 1976 1010 2039 opponenda,
1044 1979 1094 2025 δε
1121 1976 1167 2024 id
1198 1989 1372 2024 tantum
1404 1996 1430 2025 a

150 2047 464 2110 septemtrione
482 2047 761 2098 servandum.
777 2051 904 2111 Quin
921 2050 1062 2098 immo
1082 2052 1346 2115 tempestiva
1363 2054 1434 2101 fri<

151 2139 259 2186 gora
282 2122 523 2185 plurimum
544 2123 758 2170 arborum
776 2122 975 2174 firmitati
1007 2123 1278 2185 conferunt,
1299 2127 1349 2173 &
1370 2125 1431 2173 fic

151 2195 324 2258 optime
357 2197 630 2259 germinant:
660 2197 858 2261 alioqui,
883 2197 915 2244 st·
939 2197 1231 2245 blandiantur·
1247 2198 1397 2246 Austri
1414 2234 1429 2256 ‚

153 2266 480 2328 defatiscentes‚
501 2287 552 2319 ac
584 2270 718 2334 magis
747 2270 882 2317 etiam
910 2269 962 2315 inr
982 2268 1108 2318 flore.
1136 2272 1251 2316 Nam
1273 2270 1303 2316 fi
1325 2287 1435 2317 cum

153 2340 433 2400 defloruere,
464 2343 669 2405 protinus
704 2342 950 2407 sequuntur
969 2343 1132 2389 imbres
1152 2379 1166 2399 ‚
1203 2343 1251 2388 in
1283 2353 1433 2390 totum

162 2429 300 2474 pon-ra
323 2413 587 2476 depereunt:
618 2417 729 2468 adeo
751 2428 799 2462 ut
819 2416 1067 2480 amygdalae
1091 2418 1138 2462 &
1159 2415 1271 2477 piri,
1302 2416 1441 2463 etiam

1103 2490 1147 2534 K
1181 2508 1211 2547 4
