1653 2797
138 129 199 175 70
388 111 1165 161 c.PL1N115ECUND1

139 223 376 269 Oceanum
399 219 446 267 in
473 219 748 267 Britanniam
779 219 916 284 usque
939 237 1203 285 pervenere.
1239 223 1433 284 Eadem,

136 310 187 343 ut
219 296 440 352 diximus,
465 294 512 340 in
540 295 742 358 AEgypto
780 295 903 342 nulla
927 312 1033 343 cura
1054 310 1258 360 'potuere
1294 297 1432 362 gigni.

140 368 411 415 Cerasorum
443 367 708 430 Aproniana
739 368 935 415 maxime
970 368 1164 415 rubent:
1195 367 1434 433 nigerrima.

137 442 238 491 sunt
277 441 486 489 Lutatia:
527 441 770 489 Caeciliana
800 460 913 489 vero
944 445 994 491 &
1028 444 1235 491 rotunda.
1282 443 1434 492 Junia-

141 516 212 563 nis
232 526 381 578 gratus
411 513 568 577 sapor,
591 513 665 560 sed
690 531 817 578 paene
841 526 1016 562 tantum
1043 514 1124 562 sub
1150 516 1310 564 arbore
1332 515 1435 574 sua,

140 586 254 634 adeo
288 587 481 645 teneris,
503 602 553 634 ut
581 586 795 651 gestatum
825 604 920 634 non
956 587 1167 636 tolerent.
1204 589 1436 653 Principa-

139 675 210 708 tus
246 660 496 718 duracinis,
541 678 642 725 quae
688 660 886 708 Pliniana
924 662 1168 724 Campania
1207 661 1435 725 appellat:

138 736 186 782 in
222 735 399 799 Belgica
427 751 543 783 vero
579 734 809 781 LufitaniS.
862 737 912 780 In
943 734 1049 797 ripis
1084 734 1218 781 etiam
1253 737 1435 794 Rheni,

141 807 297 857 tertius
339 808 392 855 iis
439 807 568 856 colos
612 824 634 852 e
679 807 809 869 nigro
856 823 908 853 ac
946 808 1129 853 rubenti
1169 808 1396 873 viridique
1422 846 1436 868 ,

141 882 293 930 fimilis
331 880 728 928 maturescentibus
758 879 943 943 semper.
993 881 1144 928 Minus
1177 883 1437 947 quinquen-

143 956 270 1003 nium
297 955 359 1001 est
374 991 389 1013 ,
410 953 537 1018 quod
565 952 774 1016 prodiere
789 989 802 1011 ‚
823 971 923 1017 quae
945 965 1119 1002 vocant
1146 955 1318 1014 laurea,
1341 972 1439 1002 non
1508 984 1516 990 x

143 1029 332 1092 ingratae
367 1025 703 1084 amaritudinis,
725 1024 864 1071 infitae
893 1025 940 1072 in
967 1025 1110 1072 lauro.
1137 1027 1250 1074 Sunt
1270 1029 1318 1075 &
1336 1029 1438 1074 Ma-

142 1100 361 1148 cedonica
388 1116 542 1162 parvae
573 1096 746 1144 arboris
764 1133 778 1155 ,
801 1114 992 1161 raroque
1017 1098 1101 1145 tria
1131 1098 1278 1146 cubita
1305 1116 1440 1146 exce-

143 1173 315 1220 dentis:
342 1174 392 1221 &
418 1172 596 1219 minore
626 1171 871 1218 etiamnum
902 1170 1088 1229 frutice,
1117 1171 1438 1219 chamaecerafi.

146 1246 264 1290 Inter
296 1243 441 1307 prima
473 1242 563 1289 hoc
592 1258 615 1288 e
643 1241 791 1304 pomis
820 1240 993 1287 colono
1029 1240 1211 1304 gratiam
1248 1260 1439 1290 annuam

145 1316 293 1365 refert.
353 1315 680 1380 Septemtrione
722 1313 978 1378 frigidisque
1021 1315 1214 1378 gaudet:
1253 1315 1440 1363 ficcatur

145 1389 278 1436 etiam
315 1389 448 1446 Sole,
479 1388 805 1450 conditurque,
839 1398 890 1433 ut
923 1386 1050 1434 oliva
1069 1424 1083 1445 ,
1105 1387 1239 1436 cadis.

211 1464 388 1511 XXXI.
426 1463 548 1522 Quae
575 1479 682 1509 cura
709 1463 759 1508 δε.
790 1461 973 1518 cornis,
1009 1473 1142 1523 atque
1172 1461 1307 1507 etiam
1341 1460 1439 1509 lenus

147 1537 262 1585 tisco
296 1537 562 1597 adhibetur,
595 1554 651 1583 ne
677 1535 787 1598 quid
816 1551 912 1580 non
938 1534 1139 1582 hominis
1173 1535 1325 1581 ventri
1359 1552 1440 1581 nav

149 1623 243 1657 tum
263 1612 346 1658 effe
367 1612 590 1658 videatur.
626 1609 876 1657 Miscentur
896 1607 1097 1670 saporeS,
1122 1609 1172 1655 ὃς
1204 1608 1296 1656 alio
1327 1608 1438 1654 alius

148 1684 324 1746 placere
363 1684 553 1746 cogitur.
592 1681 838 1728 Miscentur
867 1694 981 1726 vero
1010 1680 1059 1726 &
1088 1690 1221 1726 terrae
1252 1679 1441 1742 caelique

147 1760 325 1806 traCtus.
355 1761 404 1806 In
427 1758 518 1805 alio
544 1757 633 1805 cibi
653 1773 815 1821 genere
840 1756 964 1801 India
982 1755 1234 1801 advocatur
1251 1788 1265 1811 ,
1284 1753 1331 1799 in
1350 1753 1440 1800 alio

150 1835 376 1896 AEgyptus
394 1869 409 1892 ,
431 1834 590 1890 Creta,
621 1833 808 1896 Cyrene
824 1866 838 1888 ,
867 1829 1141 1894 singulaeque
1168 1840 1311 1876 terrae.
1342 1829 1441 1875 Nec

153 1907 286 1955 ceffat
314 1908 361 1954 in
397 1906 629 1955 veneficiis
661 1907 757 1953 vita
777 1942 790 1963 ,
825 1904 1074 1951 dummodo
1108 1903 1260 1950 omnia
1291 1903 1439 1954 devo-

150 1990 233 2026 ret.
262 1979 442 2027 Planius
466 1980 556 2027 hoc
587 1978 664 2026 fiet
693 1979 739 2025 in
769 1980 1008 2025 herbarum
1039 1990 1210 2024 natura.

217 2054 409 2102 XXXII.
436 2053 619 2100 Interim
650 2070 751 2116 quae
783 2052 883 2099 sunt
912 2051 1172 2099 communia
1212 2052 1260 2097 δε
1291 2051 1442 2113 pomis

152 2125 452 2189 omnibusque
479 2126 647 2183 succis,
676 2125 884 2188 saporum
906 2141 1065 2189 genera
1083 2137 1180 2169 xm
1203 2123 1439 2185 reperiun—

152 2210 256 2246 tur:
297 2197 468 2256 dulcis,
502 2197 652 2244 suavis
672 2234 687 2256 ,
733 2197 942 2261 pinguis,
977 2211 1177 2253 amarus,
1211 2195 1442 2253 austerus,

152 2286 281 2327 acer,
310 2282 492 2328 acutuS,
517 2269 702 2317 acerbus
717 2306 731 2327 ‚
750 2270 901 2318 acidus
917 2306 931 2328 ,
958 2267 1102 2316 salsuS.
1130 2270 1295 2315 Praeter
1313 2268 1409 2314 haec
1426 2303 1441 2326 ,

152 2342 240 2389 tria
258 2340 357 2389 sunt
381 2359 540 2407 genera
560 2341 755 2389 mirabili
781 2342 974 2389 maxime
994 2353 1162 2388 natura.
1188 2344 1342 2389 Unum
1358 2376 1371 2398 ,
1390 2341 1438 2386 in

149 2429 244 2477 quo
277 2414 426 2478 plures
461 2413 628 2479 pariter
676 2413 928 2462 sentiuntur
964 2413 1141 2477 sapores
1163 2451 1179 2472 ‚
1213 2425 1263 2460 ut
1304 2412 1440 2462 vinis.
