1653 2797
232 127 325 176 392
476 110 532 159 c,
567 110 814 157 PLINII
859 110 1222 164 saeuum

231 218 359 281 jubet
372 255 385 276 ‚
404 219 453 265 &
471 217 724 281 sanguinem
742 216 1083 267 exscreantibus.
1100 219 1397 283 Hippocrates
1416 231 1510 271 coei

235 291 359 337 liacis
380 291 436 345 ὅς
462 288 752 353 dysentericis
780 290 846 336 bis
876 291 1051 337 costam
1079 300 1184 338 cum
1202 292 1298 341 sale.
1329 296 1439 341 Item
1454 294 1512 342 ad

235 361 467 410 tenesmon
483 355 501 419 ‚⁹
518 362 569 411 &
597 377 756 410 renum
785 360 941 410 causa:
973 361 1094 409 laffis
1117 379 1300 427 quoque
1329 364 1512 412 uberta—⁴

234 447 323 479 tem
355 432 583 495 puerperis
617 432 706 480 hoc
740 431 843 479 cibo
873 430 970 477 fieri
995 431 1195 493 judicans
1214 470 1229 492 ‚
1263 437 1313 483 &
1346 451 1512 499 purga-

235 504 409 555 tic-nem
432 502 623 551 feminis.
644 504 819 550 Crudus
840 502 1020 566 quidem
1046 504 1181 552 caulis
1201 505 1233 551 fi
1253 506 1520 566 mandatur,v

234 590 387 641 partus
405 593 587 640 quoque
606 591 837 623 emortuos
854 574 993 636 pellit.
1019 575 1521 638 Apollodorusadver-.

236 652 306 700 sus
328 652 569 716 fiingorum
587 666 766 698 venena
789 647 937 697 semen
959 659 1036 694 aut
1059 646 1238 696 succum
1265 649 1513 699 bibendum

237 725 400 773 censet.
420 723 654 774 Philistion
677 719 1023 783 opisthotonicis
1042 719 1223 767 succum
1236 737 1291 766 ex
1311 721 1424 770 laste
1439 740 1521 770 ca·-

235 799 371 863 prino
401 816 503 847 cum
530 796 614 843 sale
644 795 693 843 &
715 793 860 844 melle.
893 792 1089 840 Invenio
1119 794 1211 843 &a
1229 794 1424 858 podagra
1455 796 1514 842 li-

235 874 415 920 beratos
435 871 611 917 edendo
635 885 756 925 eam,
776 867 1063 931 decofitaeque
1082 867 1149 929 jus
1166 866 1378 918 bibendo.
1410 870 1517 918 Hoc

235 947 288 992 ὅτ,
321 943 528 991 cardiacis
560 942 710 988 datum
746 941 795 987 &
826 938 1127 986 comitialibus
1160 939 1331 987 morbis
1363 940 1516 988 addito

235 1018 339 1066 iale.
373 1020 481 1064 Item
512 1014 718 1079 splenicis
745 1014 792 1059 in
816 1012 931 1059 vino
963 1012 1069 1059 albo
1101 1028 1180 1074 per
1209 1012 1302 1059 dies
1330 1027 1412 1062 XL.
1445 1016 1516 1062 Ic·-

238 1090 388 1137 tericis
405 1126 420 1148 ‚
448 1107 532 1136 nec
566 1105 662 1135 non
691 1089 740 1134 &
772 1084 1042 1148 phreneticis
1061 1085 1220 1132 radicis
1249 1086 1398 1133 crudae
1416 1086 1516 1135 suc-

238 1181 343 1211 cum
363 1163 725 1227 gargarizandum
739 1159 1074 1221 bibendumque
1093 1159 1376 1207 demonstrat.
1392 1161 1519 1208 Con-

238 1249 309 1283 tra
330 1253 443 1283 vero
480 1236 691 1300 singultus
716 1251 819 1281 cum
843 1231 1086 1279 coriandro
1106 1234 1156 1280 &
1177 1233 1342 1280 anetho
1357 1269 1371 1292 ‚
1403 1233 1520 1280 mel-

239 1310 283 1357 Ie
308 1329 357 1358 ac
377 1311 530 1373 pipere
545 1347 558 1367 ‚
587 1327 640 1356 ex
661 1320 805 1355 aceto.
839 1305 1000 1355 Illitam
1021 1322 1205 1369 quoque
1221 1306 1425 1370 prodesse
1443 1307 1517 1354 in-

241 1382 498 1430 flationibus
534 1380 766 1428 stomachi.
810 1381 919 1425 Item
953 1378 1223 1441 serpentium
1251 1379 1436 1438 ictibus,
1469 1382 1522 1432 δε

242 1457 429 1503 sordidis
461 1455 746 1510 hulceribus‚
776 1469 827 1499 ac
857 1450 1071 1510 vetustis,
1097 1450 1175 1499 vel
1193 1451 1329 1514 ipsam
1356 1470 1522 1518 aquam

241 1549 345 1578 cum
368 1531 616 1576 hordeacea
642 1530 805 1575 farina:
840 1526 1019 1572 succum
1047 1542 1102 1571 ex
1137 1538 1295 1585 aceto,
1325 1527 1398 1573 vel
1418 1545 1524 1575 cum

241 1605 374 1650 foeno
407 1604 587 1649 Graeco.
627 1601 699 1647 Sic
725 1599 860 1661 aliqui
886 1599 936 1644 &
967 1598 1161 1645 articulis
1179 1634 1193 1655 ‚
1222 1600 1524 1664 podagrisque

241 1677 499 1739 imponunt.
529 1672 818 1738 Epinyffidas
829 1688 917 1728 ‚ac
943 1669 1163 1734 quidquid
1186 1671 1307 1718 aliud
1324 1672 1458 1735 serpit
1473 1674 1521 1720 in

240 1766 439 1812 corpore
455 1785 468 1805 ,
495 1748 700 1810 imposita
718 1745 850 1791 levat.
872 1746 983 1790 Item
1009 1743 1264 1804 repentinas
1287 1745 1520 1809 caligines:

243 1820 325 1866 has
349 1820 399 1867 &
418 1818 450 1864 fi
467 1817 693 1864 manditur
712 1832 768 1861 ex
790 1825 933 1861 aceto·
954 1812 1193 1875 Suggillata
1212 1830 1327 1860 vero
1345 1816 1396 1862 &
1409 1816 1524 1867 alios

245 1893 416 1939 livores
438 1907 548 1954 pura
577 1889 698 1936 illita.
735 1890 898 1950 Lepras
918 1922 932 1945 ,
957 1887 1007 1937 &
1026 1885 1177 1949 psoras
1198 1903 1301 1934 cum
1323 1888 1522 1937 altunine

244 1965 447 2012 rotundo
481 1981 537 2010 ex
569 1975 714 2011 aceto,
747 1960 820 2008 Sic
852 1962 900 2009 &
927 1959 1114 2008 fluentes
1136 1961 1323 2024 capillos
1347 1964 1524 2013 retinet..

243 2038 543 2101 Epicharmus
580 2035 754 2082 testium
774 2037 824 2082 &
855 2033 1112 2097 genitalium
1141 2034 1266 2081 malis
1293 2034 1408 2082 hanc
1434 2036 1525 2083 uti-

246 2111 404 2158 liflime
433 2111 606 2173 imponi
639 2108 797 2157 asserit.
832 2107 1067 2155 Efficacius
1085 2107 1268 2154 eandem
1293 2126 1395 2155 cum
1422 2109 1523 2158 faba

246 2185 365 2233 trita.
409 2187 517 2230 Item
554 2183 780 2233 convulsis
818 2199 920 2229 cum
955 2193 1066 2231 ruta.
1110 2182 1282 2228 Contra
1315 2183 1523 2231 ardorem

249 2259 441 2305 febrium
470 2260 518 2306 δε
545 2256 759 2303 stomachi
786 2256 900 2302 vitia
926 2272 1026 2302 cum
1045 2267 1160 2301 rutae
1177 2254 1366 2302 semine:
1397 2258 1447 2304 &
1468 2256 1524 2302 ad

251 2331 478 2377 secundas.
513 2333 569 2376 Et
591 2329 727 2376 muris
753 2327 899 2374 aranei
922 2326 1119 2385 morsus,
1137 2326 1354 2379 foliorum
1371 2329 1522 2376 arido-

252 2421 351 2454 rum
379 2403 520 2455 farina
546 2403 755 2452 alterutra
782 2412 906 2466 parte
925 2399 1139 2452 exinanit.
