1653 2797
279 195 338 245 50
563 176 1315 224 omiNHSECUNDI

275 288 478 350 primunt
514 298 689 332 tantum
719 303 730 330 :
775 281 851 331 alii
886 283 1009 331 foliis
1046 286 1189 331 modo
1217 303 1227 331 ε
1271 283 1414 346 aliqui
1443 277 1560 329 folio

271 363 325 406 ’δε
360 359 531 406 cortice
567 358 833 405 baccarum:
864 374 948 404 nec
984 374 1082 403 non
1108 357 1333 422 styracem
1362 355 1562 412 addtmt‚

276 432 332 478 ali
322 430 476 493 osque
498 425 679 477 ociores.
715 430 904 493 Optima
934 428 1082 475 lamus
1111 429 1165 475 ad
1187 430 1232 475 id
1252 428 1472 486 latifolia,
1491 427 1565 474 fil⁴

273 503 462 561 vestris,
492 504 617 562 niara
646 501 810 550 baccis.
843 502 996 549 Simile
1016 503 1077 549 est
1104 520 1128 549 e
1150 516 1308 567 myrto
1332 503 1487 566 nigra:
1511 503 1564 549 &

272 577 370 623 haec
397 555 587 623 latifolia
611 576 789 622 melior.
813 577 982 623 Tundu
969 588 1090 621 ntur
1110 577 1260 622 haccae
1287 573 1467 637 aspertae
1485 590 1562 620 ca«-

274 648 363 695 lida
394 666 541 712 aqua,
568 665 681 694 mox
713 648 1047 711 decoquuntur.
1079 646 1171 693 Alii
1202 647 1422 694 foliorum
1441 646 1564 693 mol·
1627 667 1637 673 ·

273 722 430 768 liffima
463 722 727 785 decoquunt
747 721 795 767 in
826 721 964 778 oleo,
997 722 1047 767 &
1077 720 1349 783 exprimunt.
1372 720 1462 766 Alii
1481 720 1562 766 de*

271 795 383 858 je&a
416 812 467 841 ea
495 795 542 840 in
579 794 730 839 oleum
756 792 880 855 prius
909 793 1015 838 Sole
1044 805 1283 840 maturant.
1301 793 1466 840 Eadem
1488 810 1563 839 ra-

268 869 341 914 tio
383 870 434 915 &
469 869 516 913 in
553 866 695 912 sativa
729 877 921 929 myrto:
961 864 1035 910 sed
1070 864 1305 927 praefertur
1350 864 1564 913 filvestris

271 943 451 989 minore
484 940 650 986 semine
669 975 684 998 ,
723 956 857 1002 quam
890 939 1074 1002 quidam
1105 938 1442 1004 oxymyrsinen
1467 955 1561 986 vo·-

273 1028 378 1063 cant
393 1051 407 1073 ,
428 1015 504 1061 alii
537 1014 969 1078 chamaemyrsinen:
997 1014 1135 1077 aliqui
1159 1030 1334 1060 acoron
1359 1031 1384 1060 a
1407 1011 1562 1059 fimilia

273 1089 461 1135 tudine:
502 1087 563 1134 est
593 1088 713 1134 enim
750 1087 905 1134 brevis
926 1123 939 1145 ,
967 1084 1196 1134 fruticosa.
1243 1088 1311 1133 Fit
1341 1089 1392 1133 &
1432 1103 1456 1132 e
1495 1085 1563 1132 ci«-

272 1173 373 1220 tro,
407 1160 645 1223 cupresso:
682 1159 872 1205 nucibus
918 1158 1202 1223 juglandibus
1221 1195 1234 1217 ,
1265 1159 1392 1223 quod
1425 1175 1561 1223 cary-

273 1235 389 1281 inon
414 1244 612 1279 vocant:
646 1231 772 1278 malis
795 1231 940 1288 cedri,
961 1232 1087 1294 quod
1105 1231 1348 1294 piffelaeon.
1367 1233 1437 1277 Ex
1459 1248 1561 1293 gra-1¹

274 1324 338 1353 no
371 1322 555 1369 quoque
573 1304 778 1362 Gnidio,
806 1316 999 1368 purgato
1029 1303 1194 1350 semine
1224 1305 1275 1351 &
1305 1303 1418 1350 tuso.
1450 1306 1563 1350 Item

274 1379 495 1426 lentisco:
526 1396 630 1424 nam
655 1381 704 1425 ὅ(
731 1377 975 1441 cyprinum
994 1413 1007 1435 ,
1035 1379 1085 1424 ὃς
1118 1395 1142 1424 e
1171 1378 1331 1443 glande
1349 1378 1562 1441 AEgyptia

275 1466 329 1500 ut
361 1452 489 1498 fieret
522 1452 720 1498 odorum
749 1449 904 1507 causa,
935 1450 1101 1496 dictum
1120 1451 1194 1496 est.
1217 1451 1314 1497 Indi
1341 1468 1398 1497 ex
1424 1450 1562 1498 casta-—

274 1527 369 1573 neis
390 1562 404 1584 ,
431 1528 481 1572 &
510 1523 670 1570 sesama
686 1560 699 1581 ,
725 1536 858 1586 atque
880 1539 1023 1586 oryza
1041 1522 1188 1570 facere
1207 1523 1442 1569 dicuntur:
1461 1524 1562 1570 Ich-

274 1599 532 1665 thyophagi
551 1633 565 1656 ,
596 1616 619 1645 e
651 1597 860 1661 piscibus.
887 1599 1046 1660 Inopia
1082 1599 1207 1661 cogit
1232 1598 1475 1661 aliquando
1495 1598 1563 1643 lu-

274 1673 448 1720 minum
479 1670 606 1717 causa
639 1672 688 1717 &
714 1687 736 1716 e
765 1670 933 1732 platani
957 1670 1106 1716 baccis
1125 1668 1221 1715 fieri
1238 1707 1252 1726 ,
1277 1687 1391 1733 aqua
1408 1671 1457 1717 ὃ(
1476 1668 1562 1715 saie
1612 1680 1618 1681 ’

273 1743 521 1792 maceratis.
552 1745 608 1788 Et
639 1742 957 1787 oenanthinum
977 1741 1028 1788 fit
1051 1744 1104 1788 de
1131 1742 1222 1806 ipsa
1248 1742 1486 1798 oenanthe,
1509 1753 1562 1787 ut

274 1817 441 1864 dictum
479 1815 540 1861 est
572 1815 621 1860 in
656 1815 910 1878 unguentis.
945 1816 1177 1862 Gleucino
1203 1814 1396 1862 mustum
1426 1815 1559 1861 inco*-

273 1893 427 1955 qnitur
457 1906 630 1952 vapore
663 1890 817 1936 lento:
852 1889 907 1936 ab
937 1890 1033 1936 aliis
1066 1889 1156 1936 fine
1182 1892 1286 1955 igne
1308 1890 1560 1937 circumda-

275 1965 330 2011 tis
365 1965 568 2011 vinaceis
609 1964 762 2010 diebus
792 1976 908 2010 ΧΧιΙ
944 1963 1009 2009 bis
1048 1962 1228 2027 singulis
1256 1963 1561 2026 permixtum:

275 2036 646 2100 consumiturque
678 2036 870 2083 mustum
906 2037 1027 2084 oleo.
1056 2037 1208 2101 Aliqui
1236 2054 1332 2083 non
1363 2036 1560 2099 sampsu-

276 2109 411 2157 chum
430 2121 601 2155 tantum
623 2110 889 2167 admiscent,
913 2108 986 2155 sed
1005 2111 1138 2156 etiam
1157 2109 1423 2172 pretiosiora
1440 2109 1561 2154 odo-

274 2178 496 2228 ramenta.'
513 2183 629 2228 Nam
653 2183 699 2228 in
731 2172 973 2247 gymnasiis
994 2199 1178 2246 quoque
1213 2182 1425 2229 conditur
1444 2181 1561 2228 odo-

275 2255 424 2313 ribus,
452 2254 524 2300 sed
550 2255 785 2301 vilissimis.

343 2329 410 2375 Fit
428 2330 478 2375 &
500 2328 553 2374 de
579 2327 808 2390 aspalatho
824 2363 838 2384 ‚
869 2327 1043 2375 calamo
1060 2363 1074 2385 ,
1099 2326 1297 2373 balsamo
1313 2361 1328 2383 ‚
1354 2325 1441 2383 iri,
1464 2341 1558 2371 car--

274 2403 516 2461 damomo,
540 2403 775 2460 meliloto,
804 2403 946 2448 nardo
977 2401 1158 2449 Gallico
1176 2437 1189 2459 ,
1223 2415 1417 2464 panace,
1443 2398 1557 2445 sam-

272 2474 467 2539 psucho,
487 2476 696 2534 helenio,
729 2475 1006 2523 cinnamomi
1033 2475 1208 2533 radice,
1228 2472 1431 2521 omnium
1459 2471 1559 2518 suc-
