1653 2797
183 161 474 212 NATUR.
507 160 822 212 HISTOR.
857 159 991 211 LIB.
1022 158 1233 213 XVIII.
1271 174 1364 228 307

83 279 233 318 currat
264 273 361 320 alia.
410 274 519 320 Haec
552 272 635 319 erit
670 272 725 318 ab
760 281 925 320 exortu
963 267 1263 336 'aequinoffiali
1305 272 1362 320 ad

81 345 292 393 occasum
313 345 697 411 aequinoctialem:
732 349 782 395 ὸζ
811 347 967 404 limes,
989 347 1067 410 qui
1101 348 1165 395 ita
1197 348 1361 395 secabit

81 435 234 482 agrum
256 452 270 480 ‚
311 421 581 467 decumanus
618 420 872 466 Vocabitur,
920 422 1164 468 Ducantur
1203 423 1364 470 deinde

80 493 179 539 aliae
207 494 308 541 duae
341 493 471 539 lineae
498 494 544 539 in
574 493 769 541 dectiffes
796 493 1021 557 obliquae,
1048 494 1110 540 ita
1137 509 1189 541 ut
1215 512 1238 542 3
1264 495 1364 559 sep-³

80 565 333 613 temtrionis
367 565 523 612 dextra
551 564 757 628 laevaque
782 566 837 611 ad
865 564 1011 612 Austri
1045 566 1248 614 dextram
1281 569 1360 614 lae-

79 651 273 700 vanique
313 633 592 684 descendant.
636 638 809 684 Omnes
841 646 921 701 per
953 638 1144 685 eundem
1177 653 1360 688 currant

0 699 2 706 ’
77 709 374 768 umbilicum,
407 726 564 757 omnes
584 709 700 755 inter
727 709 770 756 se
789 727 914 773 pares
932 712 1042 770 fint,
1062 712 1266 760 omnium
1289 713 1359 760 in·
1425 729 1432 736 ·

75 782 264 829 tervalla
289 783 427 864 paria
453 785 570 843 Quae
597 782 712 828 ratio
735 781 900 830 semel
888 797 937 829 m
954 796 1139 851 quoque
1158 797 1267 849 'agro
1291 786 1359 833 in-

76 857 219 902 eunda
242 855 354 904 erit.
381 856 458 904 vel
478 857 508 901 fi
526 849 680 918 saepius
698 855 832 903 libeat
858 850 953 915 uti,
981 873 1005 903 e
1029 856 1155 921 ligno
1185 854 1352 907 facien-³

75 928 162 987 da,
202 929 363 992 regulis
399 929 578 991 paribus
611 929 657 974 in
691 939 963 993 'tympanum
998 929 1249 994 exiguum,
1282 932 1357 980 sed

76 1000 342 1048 circinatum
356 1035 370 1059 ,
396 1000 568 1048 adactis.
592 1001 787 1047 Ratione
810 1018 898 1064 qua
918 1001 1064 1049 do'c'eo
1081 1039 1095 1061 ,
1117 1015 1357 1052 occurren3

35 1091 39 1094 ⁴
74 1073 180 1120 dum
212 1074 402 1138 ingeniis
428 1087 611 1137 quoque
651 1073 965 1136 imperitorum
997 1074 1071 1122 est.
1119 1077 1354 1125 Meridiem

73 1145 227 1193 excuti
247 1146 390 1209 placet
408 1180 421 1205 ,
444 1146 661 1210 quoniam
686 1145 856 1209 semper
885 1147 947 1193 est
971 1147 1119 1194 idem‘:
1157 1147 1237 1196 Sol
1271 1167 1355 1198 au*

71 1232 166 1267 tem
190 1220 392 1285 quotidie
410 1237 466 1266 ex
491 1219 582 1266 alio
605 1218 703 1266 caeli
728 1231 992 1279 momento,
1026 1238 1158 1284 quam
1178 1222 1320 1284 pridie
1337 1257 1353 1282 ,

74 1295 248 1342 oritur:
279 1311 335 1341 ne
362 1294 459 1340 ouis
494 1289 613 1339 forte
643 1293 698 1340 ad
728 1305 939 1341 exortum
971 1295 1228 1358 capiendam
1264 1313 1351 1359 pu*

71 1378 136 1414 tet
165 1367 340 1415 lineam.
377 1367 438 1412 Ra
469 1366 565 1413 caeli
596 1366 747 1413 exacta
781 1375 931 1430 parte,
965 1368 1091 1431 quod
1126 1368 1261 1415 fuerit
1293 1369 1350 1415 11-

72 1458 168 1488 neae
195 1452 329 1504 caput
360 1439 667 1502 septemtrioni
691 1440 952 1502 proximum
981 1457 1005 1486 3
1033 1452 1156 1502 parte
1176 1442 1351 1488 exorti-2

72 1531 159 1572 va,
199 1513 474 1561 solstitialem
509 1513 693 1559 habebit
725 1525 965 1571 exortum,
1001 1513 1089 1560 hoc·
1121 1513 1209 1572 est,
1244 1514 1351 1560 lon-vn

68 1588 229 1652 giflimi
258 1587 371 1646 diei,
396 1600 672 1649 ventumque
690 1584 965 1649 Aquilonem
980 1622 994 1644 ,
1016 1584 1204 1632 Boream
1223 1588 1350 1633 Grae-⁴⁶

70 1663 134 1710 cis
159 1656 336 1707 dictum.
370 1662 419 1706 In
445 1659 564 1705 hunc
596 1658 761 1722 ponito
793 1658 976 1706 arbores
1006 1659 1224 1723 vitesque.
1263 1660 1347 1706 Sed

68 1734 158 1782 hoc
191 1734 324 1781 flante
360 1749 416 1779 ne
441 1744 597 1779 arato:
624 1730 796 1795 frugem
829 1748 885 1777 ne
914 1731 1077 1779 seritot
1115 1732 1260 1778 semen
1290 1749 1348 1780 ne

68 1805 221 1868 jacito.
248 1804 519 1869 Praestringit
544 1803 665 1851 enim
691 1815 824 1867 atque
845 1804 1048 1866 percellit
1082 1805 1156 1851 hic
1180 1805 1347 1853 radices

68 1881 305 1937 arborum,
336 1894 445 1941 quas
475 1877 700 1940 positurus
737 1876 903 1922 afferes,
944 1877 1198 1924 Praedo&us
1228 1877 1348 1926 estoss·

68 1953 152 2000 alia
178 1949 370 1998 robustis
389 1948 598 2012 prosunt,
616 1948 700 1994 alia
717 1947 973 1995 infantibus.
999 1949 1096 1996 Nec
1117 1949 1210 1996 sum
1231 1950 1347 1997 obli-

67 2038 137 2074 tus
156 2063 169 2085 ,
196 2026 243 2072 in
263 2021 346 2072 hac
379 2035 503 2087 parte
519 2035 708 2069 ventum
730 2024 901 2070 Graecis
921 2023 1060 2087 poni,
1094 2040 1229 2088 quem
1248 2027 1348 2077 ,Caes

70 2101 185 2148 ciam
210 2110 395 2145 vocant.
429 2097 514 2143 Sed
540 2097 657 2143 idem
687 2096 978 2156 Aristoteles,
1008 2098 1081 2145 vir
1118 2098 1345 2146 immensae

67 2172 342 2230 subtilitatis,
370 2172 450 2235 qui
468 2171 513 2216 id
546 2169 685 2234 ipsum
704 2170 838 2229 fecit,
868 2172 1087 2219 rationem
1115 2174 1345 2219 convexi-

67 2248 167 2294 tatis
202 2245 359 2292 mundi
391 2244 560 2303 reddit,
590 2261 678 2308 qua
704 2245 954 2292 contrarius
985 2244 1153 2309 Aquilo
1186 2245 1344 2293 Africo

65 2314 157 2367 ssat.
193 2320 291 2366 Nec
323 2330 471 2365 tamen
490 2334 592 2364 eum
620 2328 726 2365 toto
749 2333 870 2364 anno
897 2317 943 2364 in
968 2317 1188 2381 praedictis
1219 2318 1346 2364 timet

66 2392 273 2457 agricola.
313 2390 522 2438 Mollitur
556 2390 692 2436 fidere
724 2389 866 2436 aessate
899 2389 1075 2445 media,
1112 2401 1343 2457 mutatque

72 2481 240 2513 nomen
263 2500 278 2525 ,
307 2464 357 2512 δε
390 2462 553 2511 Etefias
586 2478 794 2512 vocatur.
837 2464 959 2527 Ergo
1004 2478 1105 2508 cum
1136 2459 1344 2526 frigidum

971 2537 1011 2578 V
1048 2551 1072 2580 2
