1653 2797
290 180 578 229 NATUR.
609 180 920 227 HISTOR.
945 183 1081 229 LIB.
1116 183 1160 230 X
1187 185 1274 252 VI.
1349 199 1431 245 133

161 287 236 335 ubi
264 289 550 337 convolvere
581 287 622 334 se
658 304 788 335 venae
824 301 953 351 atque
986 291 1112 339 nodi.
1138 291 1439 340 Inveniuntur

159 360 204 407 in
240 362 527 426 quibusdam,
554 361 666 408 ficut
697 361 743 407 in
774 378 999 408 marmore
1019 399 1032 422 ,
1062 377 1243 424 centra,
1273 365 1318 411 id
1345 365 1406 411 est
1423 401 1437 423 9

158 435 319 483 duritia
338 435 473 482 clavo
493 433 666 493 similis,
688 433 871 480 inimica
893 434 1031 481 serris.
1052 439 1108 484 Et
1125 438 1331 502 quaedam
1348 437 1440 484 for-

158 520 201 554 te
220 506 453 563 accidunt,
466 505 608 569 lapide
629 505 956 569 comprehenso
975 519 1051 554 aut
1067 521 1254 572 recepto
1272 509 1320 557 in
1337 526 1438 557 coi·-

156 595 263 642 pus,
284 589 359 625 aut
381 577 561 625 alterius
590 577 763 625 arboris
787 577 928 626 ramo.

223 666 265 696 2.
306 650 499 713 Megaris
533 650 609 696 diu
636 650 756 698 stetit
785 650 974 697 oleaster
1000 650 1048 697 in
1081 650 1218 710 foro,
1250 654 1322 700 cui
1349 654 1440 702 viri

154 722 297 771 fortes
321 724 557 770 affixerant
579 742 724 783 arma,
749 742 852 788 quae
885 725 1056 772 cortice
1084 726 1308 773 ambiente
1337 740 1441 774 aetas

153 796 291 862 longa
316 798 640 845 occultaverat.
678 798 869 862 Fuitque
905 798 1041 846 arbor
1072 799 1149 846 illa
1184 798 1332 847 fatalis
1358 817 1443 846 ex„

155 870 276 917 cidio
306 871 427 918 urbis
460 870 743 934 praemonitae
775 871 994 930 oraculo,
1021 889 1124 919 cum
1154 874 1290 920 arbor
1319 890 1452 920 arma*

154 943 422 1006 peperisset:
464 945 590 1007 quod
623 944 799 992 succisae
828 945 1019 1004 accidit,
1044 946 1189 992 ocreis
1217 945 1440 1010 galeisque

154 1017 274 1063 intus
294 1016 495 1079 repertis.
525 1019 691 1062 Ferunt
712 1016 881 1079 lapides
900 1017 962 1064 ita
984 1017 1227 1075 inventos,
1247 1018 1302 1064 ad
1325 1035 1440 1065 con-

156 1088 366 1135 tinendos
398 1099 551 1151 partus
570 1088 654 1135 effe
680 1089 894 1137 remedio.
925 1090 1199 1152 Ampliffima
1225 1090 1440 1137 arborum

155 1162 211 1209 ad
239 1162 332 1210 hoc
364 1162 454 1209 aevi
481 1161 757 1208 existimatur
791 1162 953 1208 Romae
983 1162 1106 1220 visa,
1134 1179 1270 1227 quam
1296 1178 1444 1226 propu-

154 1248 222 1284 ter
253 1236 521 1283 miraculum
563 1236 776 1284 Tiberius
818 1236 966 1285 Caesar
1006 1237 1055 1283 in
1097 1237 1259 1284 eodem
1298 1250 1443 1300 ponte

154 1311 493 1359 naumachiario
536 1311 805 1374 exposuerat
854 1312 1089 1358 adve&am
1129 1328 1234 1358 cum
1268 1309 1443 1372 reliqua

155 1385 366 1432 materie:
399 1384 580 1431 duravit
605 1385 661 1431 ad
689 1385 887 1432 Neronis
916 1384 1133 1448 principis
1165 1382 1444 1446 amphithea-

157 1470 288 1506 trum.
349 1457 449 1504 Fuit
486 1468 633 1504 autem
674 1457 798 1504 trabs
845 1474 869 1504 e
921 1457 1081 1515 larice,
1120 1456 1258 1519 longa
1305 1455 1447 1518 pedes.

157 1545 268 1578 cxx
286 1530 482 1594 bipedali
503 1529 782 1578 crassitudine
803 1526 1000 1593 aequalis.
1027 1530 1138 1588 Quo
1162 1527 1449 1591 intelligebat*

155 1617 229 1652 tur
246 1603 569 1652 vixeredibilis
586 1603 759 1666 reliqua
776 1602 985 1660 altitudo,
1006 1601 1229 1665 fastigium
1246 1601 1302 1648 ad
1320 1617 1447 1647 cacu-

156 1696 259 1726 men
288 1677 619 1726 aestimantibus⁶
647 1677 749 1725 Fuit
772 1676 994 1724 memoria
1022 1675 1173 1722 nostra
1193 1676 1244 1723 &
1263 1674 1314 1720 in
1333 1691 1446 1737 por-

155 1751 321 1798 ticibus
352 1750 584 1814 septorum
611 1767 636 1797 a
665 1752 726 1797 M.
753 1749 952 1814 Agrippa
985 1748 1166 1807 relieta,
1198 1764 1325 1812 aeque
1355 1746 1448 1793 mi-

158 1824 298 1872 raculi
332 1823 487 1882 causa,
508 1840 611 1887 quae
638 1822 898 1870 diribitorio
936 1820 1235 1884 superfuerat,
1263 1834 1341 1866 XX
1367 1836 1448 1882 pe-

161 1897 290 1944 dibus
311 1896 528 1954 brevior,
556 1894 845 1959 sesquipedali
872 1893 1171 1942 crassitudine.
1207 1892 1349 1939 Abies
1363 1891 1445 1938 ad—

159 1969 414 2018 mirationis
445 1970 682 2033 prazcipuae
708 1967 803 2017 visa
832 1967 894 2015 est
918 1968 966 2014 in
994 1966 1131 2035 nav5i‚
1157 1983 1258 2030 quae
1288 1982 1345 2012 ex
1365 1966 1443 2019 AEe

162 2051 310 2105 gypto
351 2039 452 2103 Caji
495 2039 711 2103 principis
750 2038 894 2100 jussu,
932 2037 1179 2085 obeliscum
1225 2037 1273 2084 in
1314 2036 1446 2096 Vati÷

165 2131 279 2161 cano
310 2113 451 2161 Circo
482 2113 694 2160 statutum
712 2149 725 2171 ‚
757 2123 1040 2176 quatuorque
1070 2122 1261 2158 truncos
1291 2109 1446 2172 lapidis

162 2187 356 2251 ejusdem
390 2188 446 2234 ad
480 2186 782 2234 sustinendum
818 2203 922 2234 eum
955 2184 1170 2232 adduxit:
1208 2200 1295 2248 qua
1328 2198 1445 2229 nave

163 2261 279 2309 nihil
308 2260 610 2308 admirabilius
636 2260 783 2308 visum
808 2260 855 2308 in
877 2260 992 2307 mari
1017 2271 1190 2306 certum
1216 2257 1300 2304 est:
1335 2269 1449 2302 CXX

163 2337 229 2382 M.
276 2333 481 2381 modium
525 2334 656 2381 lentis
703 2351 793 2398 pro
838 2333 1013 2382 saburra
1045 2332 1085 2379 ei
1128 2330 1266 2378 fuere.
1318 2331 1444 2376 Lon-

161 2409 319 2474 gitudo
350 2407 538 2471 spatium
575 2408 776 2455 obtinuit
811 2425 970 2472 magna
1006 2424 1062 2453 ex
1097 2415 1222 2468 parte
1258 2402 1442 2449 Ostien-
1480 2432 1484 2434 —

162 2483 214 2530 sis
246 2493 409 2547 portus
436 2481 573 2529 latere
600 2481 737 2531 laevo,
779 2483 845 2531 Ibi
877 2497 1068 2544 namque
1101 2477 1294 2525 demersa
1327 2476 1389 2523 est
1422 2495 1445 2524 :i

1116 2555 1131 2599 Ι
1173 2569 1192 2608 3
