1653 2797
288 135 582 185 NATUR.
622 135 1240 187 H1sToR.L113.XX.
1312 152 1400 199 411

124 262 214 312 que
240 245 417 294 alterius
441 262 608 293 naturae
642 244 688 290 in
709 256 856 293 totum
885 258 1046 309 putant
1062 282 1076 306 ‚
1111 246 1328 311 quoniam
1355 247 1410 294 fit

124 322 286 369 exilius
325 323 376 369 &
407 319 652 368 candidius.
691 318 854 366 Similis
894 333 1042 367 autem
1070 322 1120 368 &
1149 320 1256 368 huic
1293 319 1409 368 usus.

127 394 336 457 Namque
355 393 406 440 δέ
419 390 608 455 panibus
628 390 941 438 Alexandrinis
962 391 1212 454 subjicitur,
1227 395 1277 441 &
1298 410 1409 440 cons·

125 465 334 514 dimentis
368 463 684 527 interponitur.
725 463 984 512 Inflationes
1015 467 1065 513 δε
1094 466 1293 514 tormina
1338 467 1409 513 di—

125 538 272 587 scutit.
319 537 484 586 Urinas
521 539 570 586 &
593 537 816 585 menstrua
848 538 948 586 ciet.
988 539 1198 602 Sugillata
1217 542 1267 588 &
1294 556 1412 586 ocu-

125 612 278 658 lorum
299 611 538 674 epiphoras
557 610 741 674 mitigat.
777 611 897 658 Cum
922 610 1003 656 lini
1024 610 1188 659 semine
1207 612 1409 676 scorpio-

126 701 235 731 num
274 685 385 733 iEius
415 685 464 732 in
501 685 616 732 vino
645 697 806 747 potum
832 684 1052 732 drachmis
1083 685 1253 733 duabus
1277 723 1289 743 ‚
1318 686 1412 749 pri-

77 783 82 788 >
125 757 359 822 vatimque
387 757 654 806 cerastarum
672 793 686 816 ,
706 775 811 804 cum
829 757 926 820 pari
946 757 1160 820 portione
1192 760 1412 823 myrrhae.

125 831 346 878 Colorem
367 848 551 896 qnoque
576 830 826 893 bibentium
852 830 1052 877 fimiliter
1081 842 1222 878 mutat
1251 831 1298 877 in
1319 831 1413 894 pal-

126 904 287 953 lorem.
311 906 518 952 Suffitum
547 921 649 954 cum
676 908 768 951 uva
796 903 913 966 passa
937 905 987 951 &
1012 903 1153 950 resina
1173 939 1187 963 ‚
1220 904 1412 951 vulvam

127 990 302 1040 purgat.
332 976 538 1023 Tradunt
565 975 742 1023 facilius
771 975 1015 1039 concipere
1042 993 1114 1023 eas
1133 1012 1147 1035 ,
1168 993 1269 1041 quae
1290 977 1413 1024 odo-

128 1061 285 1096 rentur
315 1049 360 1096 id
388 1066 468 1112 per
503 1048 693 1098 coitum.

192 1124 308 1170 LIX.
347 1124 424 1171 De
448 1122 624 1186 cappari
647 1121 747 1168 satis
778 1121 971 1170 diximus
998 1121 1113 1171 inter
1144 1123 1413 1188 peregrinos

127 1195 326 1246 frutices,
371 1198 483 1244 Non
511 1196 726 1243 utendum
762 1196 1093 1244 transmarino:
1124 1198 1414 1246 innocentius

129 1270 332 1318 Italicum
359 1270 435 1318 est.
478 1272 673 1328 Ferunt,
703 1285 783 1316 eos
817 1270 895 1333 qui
926 1271 1132 1334 quotidie
1167 1271 1212 1318 id
1242 1272 1414 1330 edunt,

128 1343 322 1408 paralysi
376 1361 473 1391 non
520 1342 798 1406 periclitari,
848 1360 932 1390 nec
982 1344 1110 1391 lienis
1161 1344 1414 1392 doloribus.

129 1416 279 1464 Radix
310 1414 404 1479 ejus
431 1416 676 1480 vitiligines
707 1416 827 1464 albas
856 1418 978 1464 tollit
1000 1454 1014 1477 ‚
1042 1418 1074 1464 s1
1103 1419 1205 1464 trita
1234 1419 1281 1464 in
1309 1420 1415 1465 Sole

127 1488 362 1537 fricentur.
398 1488 617 1551 Splenicis
647 1489 827 1551 prodest
859 1489 905 1535 in
941 1490 1058 1538 vino
1086 1502 1222 1553 potus
1253 1491 1416 1538 radicis

128 1576 292 1609 cortex
325 1562 495 1609 duabus
530 1561 779 1620 drachmis,
814 1563 967 1609 demto
1006 1564 1287 1611 balinearum
1319 1564 1416 1612 usu.

128 1639 387 1700 Feruntque
416 1649 569 1682 xxxv
596 1636 751 1683 diebus
778 1653 858 1700 per
885 1637 1061 1685 urinam
1089 1640 1138 1686 &
1166 1639 1320 1686 alvum
1342 1655 1416 1686 to·

126 1720 226 1757 tum
241 1707 406 1759 lienem
423 1708 579 1755 emitti.
606 1708 780 1755 Bibitur
796 1709 844 1755 in
862 1709 1125 1757 lumborum
1147 1711 1385 1760 doloribus
1399 1749 1414 1771 ,

129 1801 183 1831 ac
204 1782 410 1847 paralysi.
430 1783 653 1830 Dentium
676 1783 858 1831 dolores
887 1783 1006 1831 sedat
1025 1784 1181 1832 tritum
1203 1803 1259 1832 ex
1282 1798 1415 1833 aceto

128 1855 278 1902 semen
301 1855 562 1912 decoctum,
581 1854 658 1902 Vel
684 1855 951 1903 manducata
978 1857 1119 1903 radix.
1154 1858 1414 1904 Infunditur

131 1930 183 1976 δε
202 1927 374 1975 aurium
395 1926 548 1973 dolori
568 1927 807 1978 decoctum
824 1928 945 1975 oleo.
973 1930 1168 1978 Hulcera
1184 1948 1285 1994 quae
1303 1930 1416 1994 pha-

129 2002 333 2065 gedaenas
361 2011 532 2048 vocant
551 2036 564 2057 ‚
592 2000 702 2048 folia
734 2003 785 2049 &
811 2001 936 2047 radix
961 2019 1115 2050 recens
1151 2021 1256 2051 cum
1282 2004 1415 2051 melle

130 2075 299 2123 sanant.
317 2074 389 2121 Sic
409 2076 458 2122 ὅ(
475 2073 659 2120 strumas
677 2073 854 2120 discutit
871 2074 1025 2122 radix:
1041 2076 1266 2138 parotidas
1283 2112 1297 2134 ‚
1312 2093 1416 2123 ver-

129 2147 410 2211 miculosque
439 2148 566 2194 cocta
595 2146 642 2192 in
664 2163 790 2210 aqua.
826 2147 1045 2196 Jocineris
1075 2166 1257 2213 quoque
1287 2149 1415 2196 malis

131 2222 349 2269 medetur.
370 2222 498 2268 Dant
522 2223 571 2268 δέ
596 2221 650 2266 ad
667 2220 822 2266 taenias
846 2221 892 2266 in
911 2234 1040 2269 aceto
1063 2223 1113 2270 &
1140 2223 1285 2270 melle.
1307 2223 1415 2270 Oris

133 2294 526 2342 exhulcerationes
557 2295 603 2340 in
632 2307 761 2342 aceto
791 2295 974 2342 decocta
1002 2297 1153 2344 tollit:
1180 2296 1414 2344 stomacho

136 2365 315 2413 inutiles
343 2366 426 2413 effe
447 2366 562 2412 inter
583 2368 785 2413 auctores
807 2366 1042 2413 convenit.

200 2440 297 2488 LX.
330 2440 601 2505 Ligusticum
635 2440 807 2506 (aliqui
833 2458 1046 2505 panacem
1077 2442 1280 2503 vocant)
1319 2440 1412 2487 sto·-
