1653 2797
339 166 632 215 NATUR.
667 163 982 213 HISTOR.
1016 165 1145 213 LIB.
1179 166 1302 214 XX.
1403 184 1498 234 429

224 275 324 334 dat,
359 273 553 337 pustulas
592 272 815 321 faciendo.
858 273 918 319 At
951 272 999 320 in
1026 290 1187 338 magna
1214 273 1373 321 duritia
1408 276 1500 324 fine

224 348 316 396 fico
348 347 638 411 impositum:
674 347 751 394 vel
780 347 812 394 fi
848 348 1162 396 vehementior
1191 348 1309 397 ustio
1348 349 1503 398 timea-

225 435 332 481 tur,
366 438 446 485 per
482 419 682 483 duplices
722 436 912 483 pannos.
956 424 1158 469 Utuntur
1191 422 1246 468 ad
1278 421 1505 486 alopecias

226 514 331 546 cum
358 495 563 553 rubrica,
589 494 740 557 psoras
756 530 770 553 ,
796 493 944 557 lepras
960 530 973 553 ,
997 494 1255 558 phthiriases
1272 532 1287 554 ,
1320 495 1504 544 lithani-

228 587 334 629 cos,
365 568 748 632 opisthotonicos.
784 569 1009 632 Inungunt
1028 585 1212 632 quoque
1234 567 1404 618 scabras
1433 587 1506 634 ge·-

225 659 305 689 nas
324 678 338 701 ‚
367 657 445 689 aut
476 640 712 705 caligantes
740 639 902 687 oculos
934 657 1036 689 cum
1065 641 1211 694 melle.
1247 642 1505 706 Succusque

227 714 368 761 tribus
396 714 544 761 modis
563 713 827 776 exprimitur
846 714 894 760 in
916 712 1065 772 fifflli,
1097 713 1362 777 calescitque
1382 714 1428 760 in
1448 733 1505 762 eo

227 787 332 834 Sole
360 787 552 834 modice.
597 787 704 834 Exit
735 788 784 834 &
815 803 838 833 e
864 787 1090 834 cauliculo
1120 786 1275 834 succus
1309 787 1472 835 laileus
1491 825 1507 848 ,

228 854 307 924 qui
337 860 399 907 ita
421 878 525 907 curn
551 860 751 906 induruit
766 895 780 916 ,
805 860 1006 906 dentium
1029 859 1181 906 dolori
1199 860 1412 908 medetur.
1433 862 1507 908 Se-

230 951 332 980 men
361 951 412 981 ac
440 935 567 981 radix
583 970 597 992 ,
623 951 727 981 cum
751 932 1024 979 immaduere
1055 930 1201 977 musto
1219 967 1233 989 ,
1260 944 1509 980 conterun-

229 1017 335 1064 tur,
370 1006 614 1069 manusque
655 1006 800 1069 plenae
833 1001 1035 1050 mensura
1068 1002 1308 1049 sorbentur
1336 1005 1391 1050 ad
1428 1003 1509 1052 fir·-

229 1079 410 1125 mandas
444 1078 619 1137 fauces,
650 1078 959 1135 stomachum,
993 1075 1155 1123 oculos
1174 1111 1188 1135 ,
1222 1088 1383 1139 caput,
1413 1077 1511 1124 sen-

233 1149 392 1213 susque
423 1167 611 1198 omnes:
647 1150 885 1198 mulierum
915 1148 1048 1195 etiam
1074 1147 1369 1207 lassitudines,
1400 1149 1511 1197 salu-

231 1223 437 1270 berrimae
462 1241 622 1288 genere
641 1224 888 1271 medicinae.
917 1220 1130 1269 Calculos
1157 1238 1341 1285 quoque
1364 1222 1513 1275 discu-

232 1295 289 1342 tit
318 1308 477 1358 potum
506 1297 553 1342 in
582 1308 725 1343 aceto.
765 1293 955 1342 Illinitur
986 1295 1035 1341 &
1069 1292 1291 1340 livoribus
1332 1292 1513 1358 sugilla-

233 1368 377 1433 tisque
401 1387 506 1417 cum
541 1370 671 1416 melle
697 1371 746 1418 &
775 1369 903 1432 adipe
932 1368 1137 1416 anserino
1153 1404 1166 1427 ,
1198 1379 1272 1414 aut
1295 1384 1394 1415 cera
1416 1370 1513 1433 Cy-

235 1442 343 1505 pria.
375 1443 442 1489 Fit
467 1444 517 1492 &
537 1443 690 1491 oleum
713 1460 769 1489 ex
791 1459 847 1489 eo
877 1441 1040 1488 semine
1062 1439 1307 1486 madefaCto
1332 1438 1380 1485 in
1406 1441 1514 1488 oleo

236 1515 558 1579 expressoque,
594 1532 686 1578 quo
719 1526 904 1561 utuntur
947 1512 1000 1559 ad
1033 1528 1283 1559 nervorum
1320 1511 1515 1576 rigores,

235 1587 586 1650 lumborumque
607 1588 656 1634 &
678 1585 978 1633 coxendicum
996 1582 1320 1645 perfriEtioneS.

298 1663 591 1708 LXXXVIII.
620 1660 793 1723 Sinapis
814 1671 1019 1706 naturam
1041 1656 1309 1722 effefhnsque
1337 1659 1516 1708 eosdem

233 1735 401 1782 habere
416 1734 607 1782 traditur
624 1735 780 1782 adarca
797 1770 810 1793 ,
830 1733 947 1780 inter
963 1733 1095 1780 silvas
1120 1733 1234 1780 tacta
1246 1769 1261 1793 ,
1278 1733 1325 1781 in
1345 1734 1518 1783 cortice

235 1807 512 1855 calamorum
542 1806 620 1853 sub
646 1805 736 1868 ipsa
762 1822 893 1853 coma
917 1804 1113 1851 nascens,

301 1879 554 1925 LXXXIX.
576 1876 856 1923 Marrubium
874 1876 1076 1940 plerique
1095 1875 1212 1922 inter
1233 1875 1398 1938 primas
1418 1878 1516 1926 her-

236 1951 313 1997 bas
338 1950 742 2008 commendavere,
768 1950 893 2014 quod
927 1949 1079 1996 Graeci
1105 1947 1284 2011 prasion
1313 1964 1516 2012 vocant,

238 2023 314 2069 alii
342 2022 690 2085 linostrophon,
712 2023 921 2070 nonnulli
953 2022 1209 2086 philopaeda
1226 2059 1240 2082 ,
1267 2035 1342 2070 aut
1366 2024 1517 2087 philo-

240 2096 390 2143 chares
412 2132 425 2155 ,
453 2096 602 2144 notius
620 2114 753 2160 quam
771 2109 820 2144 ut
837 2096 1123 2143 indicandum
1143 2097 1206 2144 fit.
1240 2096 1386 2160 Hujus
1406 2098 1517 2146 solia

240 2169 477 2234 semenque
509 2170 704 2217 contrita
733 2170 921 2234 prosunt
953 2183 1112 2218 contra
1143 2170 1392 2235 serpentes,
1413 2189 1515 2235 pec·

240 2254 389 2289 torum
408 2243 622 2290 &lateris
644 2244 824 2291 dolores
839 2280 851 2302 ‚
876 2244 1020 2291 tussim
1039 2258 1253 2293 veterem.
1280 2246 1335 2292 Et
1360 2245 1412 2292 iis
1439 2246 1518 2309 qui

241 2314 498 2379 sanguinem
534 2315 803 2377 rejecerint,
838 2316 1000 2363 eximie
1048 2316 1155 2363 utile
1184 2352 1197 2375 ,
1227 2316 1374 2382 scopis
1422 2316 1518 2380 ejus

242 2406 345 2436 cum
375 2390 539 2452 panico
567 2408 680 2454 aqua
712 2391 904 2437 decoilis
923 2428 937 2450 ,
966 2403 1017 2437 ut
1049 2390 1255 2454 asperitas
1286 2390 1403 2438 succi
1431 2391 1516 2437 mi-

241 2463 419 2528 tigetur.
461 2464 714 2529 Imponitur
747 2464 920 2513 strumis
958 2483 1062 2515 cum
1106 2465 1248 2528 adipe.
1297 2467 1405 2512 Sunt
1440 2466 1517 2530 qui
