1653 2797
247 180 338 244 333
515 171 1288 221 C.PL1N115ECUND1

245 304 350 336 men
376 281 708 348 frequentiores
734 281 783 327 in
805 280 910 328 cibo
931 281 1113 329 officere
1146 280 1338 330 claritati
1356 282 1523 331 oculo-

244 377 347 407 rum
368 356 668 403 tradiderunt.
1471 372 1473 374 ·

311 432 505 481 XXVII.
534 431 632 477 Nec
651 430 752 476 beta
770 428 860 475 fine
887 427 1086 475 remedio
1111 428 1173 476 est
1191 442 1393 494 utraque.
1419 430 1526 479 Sive

245 509 452 558 candidae
468 544 481 566 ‚
517 506 610 553 five
637 504 775 570 nigrae
801 504 930 551 radix
955 520 1109 551 recens
1127 539 1141 562 ‚
1175 507 1226 553 &
1250 505 1491 553 madefacta
1511 543 1526 564 ‚

245 578 451 643 suspensa
473 575 710 636 funiculo,
746 588 905 623 contra
935 573 1204 637 serpentium
1225 577 1399 625 morsus
1429 577 1527 624 effi·

247 671 334 701 cax
352 652 435 700 effe
459 651 635 698 dicitur.
678 648 882 696 Candida
911 648 1012 694 beta
1041 649 1169 695 cocta
1186 686 1203 706 ,
1229 651 1279 698 δε
1295 656 1399 698 ‘cum
1418 650 1527 697 allio

244 726 392 779 crudo
427 723 592 782 sumta,
621 734 779 770 contra
815 721 985 769 tineas:
1025 722 1162 787 nigrae
1192 724 1360 771 radices
1387 726 1451 772 ita
1479 725 1528 771 in

248 817 368 865 aqua
398 799 563 855 coctae,
594 796 873 859 porriginem
904 795 1102 843 tollunt:
1134 809 1268 860 atque
1299 796 1350 842 in
1376 802 1529 844 totum

249 873 481 920 efficacior
501 869 584 916 effe
601 869 790 915 traditur
811 868 947 931 nigra.
979 869 1143 916 Succus
1162 867 1254 931 ejus
1273 869 1429 932 capitis
1448 870 1530 916 do-

248 949 371 993 lores
398 957 575 993 veteres
591 980 605 1004 ‚
632 945 682 991 &
708 942 980 1007 vertigines:
1011 942 1117 990 item
1139 942 1336 990 sonitum
1354 944 1532 990 aurium

250 1020 400 1076 sedat,
431 1017 600 1065 infusus
630 1016 707 1063 iis:
745 1016 833 1063 ciet
857 1016 1047 1064 urinam.
1082 1017 1291 1063 Medetur
1315 1016 1530 1082 dysente-

251 1091 355 1138 ricis
373 1089 531 1152 injecta
544 1127 556 1149 ,
579 1092 628 1138 ὃς
646 1089 811 1136 morbo
828 1089 968 1153 regio.
998 1089 1201 1137 Dolores
1222 1107 1404 1154 quoque
1423 1091 1532 1137 den-

252 1166 366 1212 tium
385 1165 504 1212 sedat
523 1165 660 1212 illitus
691 1163 861 1212 succus.
896 1166 953 1211 Et
978 1176 1137 1210 contra
1165 1164 1434 1228 serpentium
1463 1165 1532 1212 ic-

251 1250 324 1287 tus
341 1241 488 1298 valet,
513 1239 586 1286 sed
605 1238 736 1301 hujus
756 1238 895 1287 radici
920 1239 1147 1285 dumtaxat
1175 1240 1414 1303 express‘us.
1439 1239 1533 1303 Ipsa

253 1331 371 1361 vero
407 1314 615 1371 decocta,
646 1312 940 1377 pernionibus
971 1312 1185 1360 occurrit.
1219 1313 1346 1360 Albae
1377 1313 1532 1361 succus

252 1386 494 1449 epiphoras
526 1385 645 1432 sedat
664 1421 676 1443 ,
710 1384 859 1431 fronte
888 1383 1024 1430 illita:
1057 1383 1262 1432 aluminis
1289 1401 1436 1449 pauco
1456 1385 1533 1439 adi

253 1460 429 1518 mixto,
464 1459 612 1523 ignem
641 1457 822 1505 sacrum.
864 1456 966 1503 Sine
992 1456 1098 1503 oleo
1128 1457 1231 1504 trita
1255 1458 1390 1518 licet,
1419 1459 1531 1505 adu-

254 1533 330 1579 stis
348 1534 561 1579 medetur.
589 1535 644 1578 Et
663 1544 823 1578 contra
841 1531 1103 1594 eruptiones
1122 1524 1402 1596 papularum,
1423 1540 1534 1580 coc-

256 1620 388 1670 taque
416 1606 567 1653 eadem
591 1616 751 1652 contra
775 1605 958 1651 hulcera
977 1622 1076 1667 quae
1094 1604 1299 1667 serpunt,
1319 1600 1532 1653 illinitur:

256 1682 308 1727 &
334 1677 548 1741 alopeciis
571 1677 730 1735 cruda,
749 1678 799 1723 &
814 1674 1069 1722 hulceribus
1087 1691 1186 1738 quae
1204 1676 1251 1721 in
1274 1677 1417 1740 capite
1435 1691 1533 1724 ma-

256 1763 380 1799 nant.
413 1752 579 1797 Succus
602 1749 696 1811 ejus
727 1766 829 1796 cum
846 1748 976 1794 melle
1004 1747 1183 1795 naribus
1210 1748 1376 1796 inditus
1398 1761 1534 1811 caput

256 1835 431 1888 purgat.
465 1823 697 1887 Coquitur
730 1825 781 1871 &
810 1839 912 1869 cum
939 1821 1152 1869 lenticula
1184 1821 1333 1869 addito
1368 1833 1497 1869 aceto
1517 1858 1532 1880 ‚

255 1910 308 1945 ut
335 1909 543 1944 ventrem
566 1897 754 1944 molliat.
791 1895 993 1942 Validius
1030 1895 1159 1943 cocta
1182 1893 1408 1943 fluxiones
1437 1895 1532 1942 sto-

256 1970 403 2016 machi
428 1969 534 2016 fistit
553 1971 603 2017 &
625 1969 812 2017 Ventris.
1496 1963 1510 2019 ¹.

323 2043 532 2090 XXVIII.
567 2042 641 2089 Est
670 2045 720 2090 δε
746 2042 846 2089 beta
875 2040 1081 2090 silvestris
1098 2077 1112 2101 ‚
1139 2057 1271 2106 quam
1305 2041 1534 2091 limonion

256 2127 432 2164 vocant
446 2152 459 2174 ‚
486 2115 560 2162 alii
579 2115 821 2162 nevroides
838 2151 851 2173 ‚
869 2115 1059 2161 multum
1080 2114 1331 2162 minoribus
1349 2116 1534 2163 tenuio-

256 2186 466 2251 ribusque
493 2204 544 2234 ac
565 2187 842 2233 denfioribus
865 2185 1010 2246 foliis,
1034 2185 1243 2234 undecim
1265 2185 1375 2250 saepe
1389 2224 1404 2246 ‚
1427 2202 1534 2234 cau-'

256 2262 299 2307 le
332 2260 428 2307 lilii.
443 2271 450 2279 '
466 2259 613 2322 Hujus
637 2260 748 2308 folia
777 2260 987 2307 ambustis
1013 2260 1142 2308 utilia
1160 2297 1174 2318 ,
1193 2252 1462 2325 gustantium
1478 2277 1532 2326 os

256 2332 548 2396 adstringunt.
585 2333 743 2378 Semen
773 2331 990 2379 acetabuli
1009 2332 1214 2379 mensura
1239 2332 1533 2397 ‘dysentericis

257 2406 452 2469 prodest.
482 2408 610 2470 Aqua
641 2408 691 2454 &
717 2423 739 2453 e
771 2405 918 2453 radice
947 2408 1085 2454 coctae
1116 2400 1317 2456 maculas¹
1338 2397 1529 2458 vestium

259 2479 347 2526 elui
373 2479 527 2528 dicunt
544 2515 559 2540 ‚
590 2479 783 2543 itemque
810 2479 1179 2530 membranarum.
