1653 2797
135 151 229 199 430
394 131 1162 185 C.PL1N1isEcuND1

136 238 295 292 viridis
324 237 471 290 semen
488 255 708 306 quantum
723 245 896 291 duobus
916 245 1062 310 digitis
1083 245 1257 310 ‘capiant
1272 282 1286 305 ,
1306 256 1411 295 cum

134 320 262 366 farris
292 318 465 386 pugillo
492 318 731 385 decocium
746 350 761 376 3
792 319 944 366 addito
976 320 1144 385 exiguo
1166 321 1325 368 olei&
1343 313 1412 367 sass·

133 392 214 451 lis,
239 390 419 437 sorbere
447 389 625 452 jejunos
659 391 714 437 ad
744 391 890 437 tuffim
924 391 1120 452 jubeant.
1176 392 1267 438 Alii
1297 391 1413 437 nihil

133 475 398 527 comparant
443 462 490 507 in
534 463 687 509 eadem
723 462 852 509 causa
885 464 1166 511 marrubii&
1204 464 1413 511 foeniculi

132 536 273 584 succis
299 535 355 582 ad
383 534 596 581 sextarios
620 546 773 582 ternos
794 536 1031 597 expressis,
1055 536 1337 600 decoctisque
1356 538 1414 584 ad

132 610 349 658 sextarios
385 609 498 656 duos
518 645 531 667 ‚
561 623 656 656 tum
699 610 852 656 addito
885 610 1027 656 mellis
1060 610 1250 658 sextario
1268 647 1284 670 ‚
1312 629 1415 658 rur-

132 683 204 729 sus
241 682 425 729 deco&a
452 681 507 728 ad
537 680 753 727 sextarios
783 681 899 727 duos
917 717 931 740 ‚
953 681 985 727 fi
1013 682 1255 730 cochlearii
1285 697 1415 731 men-³

132 754 230 801 sura
261 753 308 799 in
329 753 400 800 die
431 752 665 799 sorbeatur
688 752 736 797 in
766 770 894 817 aquae
915 754 1100 818 cyatho.
1131 758 1188 801 Et
1211 755 1414 802 virilium

132 827 255 874 vitiis
271 827 416 873 tusum
433 844 534 874 cum
555 825 686 872 melle
706 826 818 872 mire
840 826 1035 889 prodest.
1070 828 1288 875 Lichenas
1308 846 1414 891 pur*

131 914 206 966 gat
235 918 291 947 ex
322 911 466 947 aceto,
506 899 668 962 Ruptis
688 935 704 957 ,
737 900 965 946 convulfis
984 936 998 958 ‚
1033 900 1224 963 spasticis
1260 902 1414 949 nervis

130 974 327 1020 salutare.
373 974 537 1020 Potum
576 973 732 1020 alvum
765 972 906 1019 solvit
937 990 1038 1020 cum
1066 974 1151 1021 sale
1189 976 1239 1021 δε
1269 988 1416 1022 aceto·-

129 1050 240 1094 Item
266 1045 487 1093 menstrua
516 1048 567 1093 &
596 1045 806 1093 secundas
826 1047 1077 1094 mulierum.
1112 1049 1246 1095 Arida
1270 1049 1413 1096 farina

131 1138 234 1167 cum
260 1120 390 1166 melle
425 1120 480 1166 ad
506 1120 652 1166 tuffim
686 1120 844 1167 siccam
866 1121 1162 1168 efficaciffima
1193 1121 1269 1169 est.
1303 1125 1414 1168 Item

129 1195 185 1240 ad
200 1210 485 1258 gangraenas,
517 1194 567 1240 &
593 1193 814 1257 pterygia.
835 1194 1003 1240 Succus
1030 1210 1145 1240 vero
1173 1194 1415 1252 auriculis,

130 1270 182 1316 &
217 1268 427 1326 naribus,
460 1269 510 1315 ὃς
547 1267 711 1315 morbo
749 1267 907 1331 regio,
942 1267 1286 1331 minuendaeque
1333 1267 1413 1314 bili

130 1359 235 1390 cum
263 1342 395 1387 melle
424 1340 619 1404 prodest.
650 1343 759 1388 Item
788 1351 948 1387 contra
974 1357 1148 1387 venena
1165 1340 1281 1386 inter
1303 1357 1415 1404 pau-

130 1433 183 1462 ca
210 1427 389 1478 potens.
422 1415 513 1476 Ipsa
543 1415 680 1460 herba
710 1414 983 1460 stomachum
1009 1415 1060 1461 &
1087 1412 1415 1460 exscreationes

129 1487 324 1550 pectoris
343 1498 533 1549 purgat,
563 1504 665 1533 cum
695 1486 807 1532 iride
839 1488 890 1533 &
919 1486 1065 1532 melle.
1099 1485 1290 1532 Urinam
1311 1485 1414 1532 ciet.

128 1558 349 1605 Cavenda
377 1572 527 1604 tamen
558 1559 858 1604 exhulceratae
874 1559 1037 1605 veiicae
1052 1594 1066 1615 ‚
1095 1560 1145 1604 δέ
1162 1575 1319 1604 renum
1340 1557 1415 1603 vi—

130 1631 216 1677 tiiS.
250 1630 435 1677 Dicitur
467 1628 621 1675 succus
653 1631 703 1675 &
735 1629 979 1674 claritatem
1013 1630 1257 1674 oculorum
1287 1628 1413 1688 adju-

130 1721 249 1753 vare.
288 1703 450 1749 Castor
477 1702 691 1748 marrubii
716 1703 808 1748 duo
836 1718 995 1765 genera
1024 1701 1179 1747 tradit:
1204 1702 1379 1764 nigrum
1397 1737 1412 1760 ‚

129 1779 180 1824 &
211 1777 336 1841 quod
364 1776 504 1839 magis
537 1776 725 1838 probat,
749 1775 1001 1821 candidum.
1038 1777 1088 1820 In
1111 1792 1254 1821 ovum
1281 1774 1414 1819 inane

131 1851 315 1898 succum
355 1850 476 1896 addit
504 1849 539 1895 is
561 1885 576 1907 ‚
606 1848 837 1912 ipsumque
865 1865 1009 1894 ovum
1054 1847 1250 1894 infundit
1283 1846 1415 1893 melle

131 1926 272 1990 aequis
300 1923 586 1988 portionibus
605 1960 618 1981 ‚
638 1922 904 1985 tepefaCtum
926 1941 936 1968 :
957 1922 1159 1968 vomicas
1178 1938 1414 1984 rumpere,

134 2015 344 2063 purgare,
368 1997 598 2061 persanare
617 1997 884 2060 promittens
908 2015 918 2042 ε
950 1995 1072 2041 illitis
1093 1994 1224 2040 etiam
1247 1993 1414 2041 vulne-

132 2074 256 2120 ribus
286 2090 309 2119 a
341 2089 449 2118 cane
475 2072 599 2118 factis
628 2071 726 2118 tuso
761 2089 861 2118 cum
892 2070 1081 2132 axungia
1110 2068 1266 2115 veteri.

199 2145 303 2191 XC.
323 2144 580 2208 Serpyllum
606 2161 631 2190 a
654 2143 873 2206 serpendo
894 2153 1051 2205 putant
1073 2141 1252 2187 dictum.
1271 2138 1415 2198 Quod

133 2217 184 2264 in
207 2217 393 2263 silvestri
412 2216 566 2264 evenit
582 2251 595 2274 ‚
615 2216 662 2261 in
691 2215 827 2278 petris
856 2215 1065 2260 maxime.
1095 2213 1296 2259 Sativum
1318 2226 1443 2257 non:

133 2285 297 2349 serpit,
315 2285 389 2333 sed
412 2287 468 2332 ad
486 2287 641 2349 palmae
661 2285 940 2331 altitudinem
960 2282 1179 2330 increscit.
1200 2281 1465 2344 pinguiusv

136 2359 448 2406 voluntarium
478 2394 492 2418 ,
532 2360 582 2405 &
621 2358 957 2405 candidioribus
1005 2355 1125 2401 foliis
1164 2353 1377 2416 ramisque
1400 2390 1413 2411 ,

136 2431 346 2482 adversus
381 2432 602 2497 serpentes
632 2431 791 2480 efficax
811 2467 826 2492 ‚
857 2429 1048 2478 maxime
1086 2426 1299 2478 cenchrin
1318 2462 1333 2489 ,
1363 2428 1413 2472 &
