1653 2797
240 191 534 243 NATUR.
575 189 883 237 HlsToR.
923 187 1047 237 LIB.
1082 188 1245 238 XVI.
1331 199 1416 252 105

201 304 419 352 XXXVI.
443 300 610 346 Mirum
630 297 677 342 in
697 296 854 358 primis
876 296 946 353 id,
968 297 1093 359 quod
1111 297 1239 344 ulmo
1253 334 1268 354 ,
1285 294 1420 342 tiliae-

137 391 252 439 que,
273 378 323 424 δε
341 374 454 422 oleae
468 407 482 430 ,
501 372 551 417 &
569 368 747 432 populo
766 369 876 415 albae
892 405 905 427 ,
927 371 976 416 &
997 369 1116 416 salici
1135 370 1301 418 evenit.
1320 369 1422 416 Cir-

139 459 436 512 cumaguntur
459 444 579 490 enim
606 442 717 489 folia
741 459 894 489 earum
919 442 1020 505 post
1045 442 1303 490 solstitium:
1337 460 1424 490 nee

137 521 229 568 alio
251 529 516 583 argmnento
543 516 708 563 certius
732 515 1001 578 intelligitur
1018 515 1131 561 fidus
1153 515 1425 562 confectum.

140 593 214 642 Est
240 594 289 641 &
318 591 500 655 publica
532 589 738 636 omnium
765 588 987 635 foliorum
1013 588 1061 634 in
1085 588 1187 651 ipfis
1210 587 1425 635 differen—

141 667 216 713 tia.
263 667 468 728 Namque
506 680 605 727 pars
641 661 832 709 inferior
863 679 889 708 a
925 674 1042 709 terra
1078 661 1268 708 herbido
1307 662 1426 708 viret

139 735 313 784 colore.
340 737 410 783 Ab
429 737 583 783 eadem
610 734 829 791 laeviora,
852 751 1047 792 nervos,
1075 734 1353 798 callumque,
1378 737 1428 781 ὅ(

138 810 354 858 articulos
381 810 429 857 in
449 809 679 873 superiore
697 808 865 856 habent
893 821 1017 872 parte
1036 828 1047 856 :
1068 808 1279 857 incisuras
1311 824 1428 855 vero

140 883 292 932 subter
313 922 331 943 ,
367 897 418 932 ut
450 901 605 932 manus
640 885 849 931 humana.
894 883 1022 930 Oleae
1051 882 1236 946 superne
1269 882 1427 931 candi-

141 956 302 1016 diora,
328 959 380 1005 &
410 958 558 1003 minus
585 956 741 1003 laevia:
774 956 883 1002 item
913 956 1072 1002 ederae.
1105 957 1190 1001 Sed
1221 956 1429 1003 omnium

141 1030 252 1078 folia
281 1031 488 1094 quotidie
516 1032 571 1077 ad
599 1030 752 1077 Solem
777 1029 997 1089 oscitant,
1019 1029 1256 1078 inferiores
1282 1046 1429 1094 partes
1457 1036 1459 1038 ’

141 1102 342 1167 tepefieri
381 1104 598 1152 volentia.
630 1103 846 1166 Superior
876 1120 973 1165 pars
1009 1103 1216 1150 omnium
1251 1103 1430 1167 lanugi-

141 1194 245 1224 nem
272 1178 716 1240 quantulamcunque
747 1177 882 1232 habet
901 1213 916 1236 ‚
967 1194 1068 1242 quae
1103 1177 1151 1223 in
1187 1177 1283 1224 aliis
1318 1194 1428 1242 gen-

141 1250 255 1297 tium
285 1249 386 1297 lana
410 1249 486 1298 est.

207 1325 445 1370 XXXVII.
480 1325 528 1370 ln
550 1323 739 1369 Oriente
773 1322 902 1369 funes
924 1323 1102 1370 validos
1132 1341 1155 1370 e
1176 1324 1334 1386 palmae
1354 1324 1430 1371 ⁴fo·-

145 1395 216 1442 liis
235 1394 330 1443 fieri
347 1395 512 1441 dictum
533 1396 594 1441 est
607 1430 621 1451 ,
644 1394 810 1458 eosque
836 1395 882 1440 in
901 1395 1090 1442 humore
1106 1396 1312 1443 utiliores
1330 1398 1398 1443 eff
1391 1415 1429 1444 e.

146 1471 203 1517 Et
225 1468 343 1531 apud
367 1485 451 1515 nos
484 1467 575 1515 fere
607 1468 763 1530 palmis
794 1485 818 1514 a
845 1469 976 1514 meffe
1012 1469 1328 1532 decerpuntur.
1360 1473 1429 1516 Ex

143 1542 212 1590 his
243 1543 428 1589 meliora
445 1579 458 1601 ,
480 1559 580 1605 quae
601 1541 686 1587 sese
705 1558 799 1587 non
819 1541 1067 1588 diviserint.
1101 1542 1335 1590 Siccantur
1351 1542 1431 1589 sub

144 1618 263 1664 tecto
283 1616 510 1680 quaternis
529 1615 706 1661 diebus:
737 1631 846 1660 mox
875 1616 921 1660 in
941 1614 1045 1661 Sole
1078 1616 1398 1678 expanduntur
1413 1651 1429 1674 ,

144 1691 195 1737 δε
214 1688 422 1736 noctibus
448 1687 599 1734 relifiia
615 1723 627 1746 ,
658 1688 806 1735 donec
828 1688 1022 1734 candore
1047 1687 1321 1748 inarescant,
1340 1705 1429 1752 po—

147 1761 232 1809 stea
262 1761 308 1807 in
335 1777 476 1824 opera
511 1752 755 1808 finduntur.

211 1835 467 1881 XXXVIII.
500 1834 721 1880 Latiffima
751 1833 842 1881 fico
863 1871 877 1894 ,
909 1834 1023 1893 Viti,
1053 1835 1255 1898 platano:
1292 1853 1431 1899 angu-

149 1906 210 1954 sta
228 1919 412 1972 myrto,
450 1908 659 1966 Punicae,
691 1909 835 1954 oleae:
870 1908 1076 1971 capillata
1109 1910 1246 1972 pino,
1267 1910 1429 1957 cedro:

148 1979 347 2027 aculeata
378 1979 600 2044 aquifolio
623 2017 635 2038 ,
670 1982 720 2028 &
748 1981 903 2027 ilicum
923 1982 1096 2045 generi:
1127 2000 1229 2029 nam
1251 1982 1431 2045 junipe-

149 2069 204 2098 ro
224 2051 347 2115 spina
382 2069 466 2115 pro
492 2052 606 2098 folio
642 2053 724 2100 est:
763 2053 949 2100 carnosa
984 2055 1218 2117 cupreffo,
1246 2056 1430 2102 tamari-

150 2125 220 2174 ci:
248 2125 496 2173 craffiffima
517 2127 622 2173 alno
643 2144 652 2171 :
681 2127 818 2190 longa
843 2127 1074 2186 arundini,
1100 2127 1250 2176 salici:
1273 2129 1432 2192 palmae
1479 2150 1481 2152 ·

150 2198 284 2246 ctiam
322 2198 543 2261 duplicia:
571 2199 782 2246 circinata
814 2199 943 2262 piro,
975 2212 1241 2247 mucronata
1277 2202 1430 2258 ma10‚

148 2269 363 2334 angulosa
389 2272 528 2318 ederae
549 2308 562 2330 ,
597 2270 736 2317 divisa
767 2271 976 2334 platano:
1009 2271 1170 2319 insefia
1205 2272 1431 2336 peclinum

151 2343 293 2392 modo
316 2344 482 2407 piceae,
512 2345 670 2391 abieti:
702 2345 876 2392 sinuosa
901 2358 1005 2392 toto
1043 2346 1212 2393 ambitu
1242 2344 1430 2392 robori:

152 2412 326 2477 spinosa
352 2427 454 2460 cute
471 2450 484 2472 ,
518 2416 650 2462 rubo.
683 2415 918 2462 Mordacia
943 2415 1041 2461 sunt
1076 2414 1362 2477 quibusdam,
1381 2428 1431 2461 ut

152 2487 321 2539 urticis.
348 2489 595 2555 Ptxngentia
619 2489 756 2555 pino,
786 2490 926 2554 piceae
945 2526 960 2550 ,
978 2489 1145 2549 abieti,
1181 2489 1336 2551 larici,
1357 2506 1431 2537 ce-
