1653 2797
219 188 511 237 NATUR.
552 162 1034 234 H1sToR.L113.
1075 182 1196 232 xv.
1310 200 1373 248 47

92 311 167 343 vae
200 296 393 343 crescere
423 297 577 342 oleum
605 293 967 340 exstimantium:
1006 292 1245 357 praesertim
1272 307 1376 340 cum

94 369 400 432 magnitudine
443 367 623 429 copiam
665 366 759 412 olei
797 382 894 411 non
932 367 1168 426 constare,
1203 365 1377 412 indicio
1427 398 1430 401 v

96 443 182 489 fint
213 460 312 505 quae
347 439 482 504 regiae
507 452 767 498 vocantur,
799 439 854 485 ab
888 438 984 485 aliis
1019 441 1251 502 majorinae
1267 477 1284 498 ,
1321 439 1377 486 ab
1404 448 1408 452 '

95 514 192 560 aliis
225 512 446 575 phauliae‚
484 511 805 575 grandiffimae,
843 511 1015 574 alioqui
1049 513 1241 560 minimo
1273 514 1376 561 suc-—

95 603 168 634 co.
188 589 243 632 Et
267 584 316 630 in
347 583 884 648 AEgypto'carnofiffimis
922 584 1014 630 olei
1038 584 1260 648 exiguum.
1279 589 1378 634 De-

95 659 246 723 capoli
284 674 398 707 vero
433 659 579 723 Syriae
610 675 826 722 perquam
860 675 1044 721 parvae,
1083 677 1166 706 nec
1197 662 1378 724 cappari

94 733 316 797 majores,
351 750 483 780 carne
513 746 663 780 tamen
701 733 1085 781 commendantur.
1131 736 1282 794 Quam
1316 736 1381 782 ob

95 807 269 855 causam
293 806 456 853 Italicis
486 804 790 852 transmarinae
824 804 1124 867 praeferuntur
1155 807 1203 852 in
1238 807 1380 867 cibis,

95 897 197 927 cum
217 879 323 926 oleo
345 878 611 925 vincantur:
630 879 681 924 δε
700 875 748 923 in
761 876 853 939 ipsa
866 877 989 924 ltalia
1011 878 1378 939 ceterisPicenae,

97 955 148 1000 &
163 951 382 998 Sidicinae.
400 950 500 996 Sale
518 949 606 994 illae
625 949 839 1011 privatim
861 949 1157 1008 condiuntur,
1176 953 1226 999 &
1242 964 1292 998 ut
1309 970 1381 1000 re·-

98 1026 232 1088 liquae
244 1060 257 1083 ,
273 1040 472 1080 amurca,
488 1022 675 1085 sapave:
691 1039 873 1068 necnon
890 1021 1049 1085 aliquae
1067 1023 1174 1070 oleo
1192 1024 1270 1072 suo
1290 1026 1383 1075 fine

100 1098 307 1146 accerfita
323 1095 732 1144 commendatione.
750 1095 910 1141 Muriae
924 1095 1127 1142 innatant
1145 1098 1381 1162 colymba-

100 1173 195 1218 des:
220 1169 488 1232 franguntur
511 1168 701 1226 eaedem,
723 1167 1055 1230 herbarumque
1073 1169 1290 1217 viridium
1313 1171 1382 1218 sa-

101 1259 214 1306 pore
246 1241 533 1288 condiuntur.
573 1240 704 1285 Fiunt
725 1240 776 1286 &
798 1255 1028 1301 praecoces
1051 1240 1247 1288 ferventi
1269 1259 1383 1306 aqua

100 1314 313 1379 perfusae,
341 1311 586 1376 quamlibet
611 1312 872 1357 immaturae.
904 1311 1186 1374 Mirumque‚
1206 1314 1384 1361 dulcem

104 1390 283 1436 succum
305 1386 453 1432 olivas
471 1385 623 1431 bibere
640 1420 654 1442 ‚
676 1385 726 1431 ὅ(
744 1383 894 1429 alieno
920 1382 1077 1446 sapore
1098 1384 1234 1432 infici.
1270 1387 1386 1432 Pur-

103 1477 250 1526 pureae
269 1458 368 1504 sunt
377 1460 426 1505 &
441 1456 485 1503 in
502 1457 572 1514 iis,
581 1468 630 1502 ut
643 1455 763 1513 uvis,
774 1455 821 1501 in
833 1455 1010 1518 nigrum
1022 1456 1225 1503 colorem
1245 1471 1341 1505 tran
1348 1459 1386 1504 s·-

102 1534 333 1590 euntibus‚
355 1532 530 1595 paufiae.
550 1533 662 1578 Sunt
681 1533 730 1578 &
747 1529 943 1593 superbae
957 1567 971 1590 ,
990 1544 1152 1595 praeter
1166 1532 1256 1596 jam
1273 1534 1388 1581 dicia

102 1625 277 1672 genera.
311 1609 423 1653 Sunt
443 1609 493 1655 &
511 1605 778 1668 praedulces,
804 1621 883 1667 per
909 1604 951 1652 se
980 1617 1154 1655 tantum
1182 1608 1354 1656 ficcatae
1372 1646 1388 1668 ‚

103 1681 291 1744 uvisque
324 1679 453 1742 paffis
487 1678 740 1735 dulciores,
773 1678 1016 1725 admodum
1042 1697 1153 1727 rarae
1187 1681 1235 1727 in
1264 1683 1389 1728 Afri-

107 1772 158 1801 ca
172 1790 185 1812 ,
205 1755 255 1801 &
277 1753 394 1800 circa
413 1750 652 1798 Emeritam
672 1750 921 1798 Lusitaniae.
948 1752 1115 1800 Oleum
1139 1754 1281 1818 ipsum
1304 1755 1390 1802 sale

107 1825 364 1872 vindicatur
382 1842 407 1870 a
424 1823 749 1887 pinguitudinis
767 1823 902 1870 vitio.
937 1825 1123 1871 Cortice
1141 1825 1254 1872 oleae
1274 1844 1389 1874 con-

110 1899 202 1945 ciso
229 1898 420 1944 odorem
446 1897 611 1959 accipit
637 1896 878 1943 medicati:
913 1897 1043 1956 alias,
1070 1910 1120 1945 ut
1141 1900 1258 1946 vino
1274 1937 1288 1958 ‚
1309 1919 1390 1964 pa-

109 1973 186 2019 lati
216 1972 354 2035 gratia
391 1970 512 2017 nulla
542 1971 618 2017 est.
660 1971 758 2016 Nec
785 1983 876 2016 tam
914 1972 1151 2019 numerosa
1180 1973 1391 2021 differen-

109 2046 201 2092 tia:
237 2045 378 2091 tribus
409 2056 458 2090 ut
487 2043 729 2106 plurimum
758 2042 1036 2090 bonitatibus
1067 2044 1209 2093 distat.
1259 2047 1393 2093 Odor

111 2119 158 2164 in
197 2117 320 2164 tenui
354 2117 582 2181 argutior,
617 2119 667 2164 <Sc
706 2116 741 2162 is
777 2129 926 2163 tamen
963 2118 1097 2166 etiam
1126 2120 1175 2166 in
1212 2121 1390 2183 optimo

109 2191 275 2239 brevis.

182 2266 239 2310 V.
271 2262 392 2309 Oleo
434 2275 591 2310 natura
624 2262 874 2326 tepefacere
905 2280 1103 2328 corpus,
1140 2266 1193 2313 &
1228 2278 1389 2313 contra

112 2337 285 2400 algores
318 2336 520 2382 munire:
554 2335 789 2398 eidemque
824 2335 1030 2384 fervores
1063 2337 1221 2399 capitis
1254 2336 1386 2385 refri-

113 2425 277 2473 gerare.
303 2408 441 2455 Usum
460 2407 552 2468 ejus
586 2409 642 2454 ad
669 2408 892 2457 luxuriam
915 2421 1091 2457 vertere
1114 2410 1288 2469 Graeci,
1313 2411 1389 2457 vi-

114 2483 283 2530 tiorum
306 2481 510 2528 omnium
541 2481 765 2542 genitores
782 2516 796 2538 ,
821 2481 867 2526 in
891 2481 1130 2545 gymnasiis
1151 2483 1387 2544 publican-
