1653 2797
246 190 340 244 374
523 170 1298 219 C.PL1N118ECUND1

244 281 305 329 ris
335 277 578 328 oculorum
605 290 680 325 aut
719 277 956 325 doloribus
987 277 1255 342 imponitur.
1285 279 1434 327 Radix
1460 281 1528 328 sa·-

245 364 320 400 nat
352 351 533 399 hulcera
567 363 781 399 concreta
818 350 865 397 in
896 350 1084 398 modum
1119 349 1249 410 favi,
1281 369 1383 416 quae
1416 353 1534 400 ceria

245 435 434 476 vocant,
466 424 634 475 Eadem
662 423 890 476 contrahit
915 422 1229 470 vomitiones:
1253 423 1467 482 siccatur,
1486 425 1537 479 δε

248 499 295 547 in
326 498 514 547 farinam
545 497 636 547 tusa
665 498 793 546 datur
814 508 1011 562 quatuor
1031 496 1182 544 obolis
1210 497 1257 545 in
1276 515 1394 562 aqua
1414 497 1536 545 mul-

248 571 291 618 sa
306 608 319 629 ,
340 571 399 617 ita
415 582 465 617 ut
485 571 563 634 qui
579 570 742 617 biberit
760 607 772 626 ‚
804 569 1077 632 quingentos
1096 567 1250 631 postea
1270 569 1411 632 paffus
1435 587 1534 616 am-

250 642 388 693 bulet,
419 642 532 690 Haec
551 640 694 688 farina
715 644 765 688 &
785 641 829 685 in
852 638 1091 705 smegmata
1108 638 1328 700 adjicitur.
1363 642 1540 688 Cortex

250 715 772 782 quoque'vomitionem
807 725 994 771 movet,
1024 712 1185 760 faciem
1221 727 1395 779 purgat.
1435 714 1540 762 Hoc

252 794 303 841 δε
330 790 439 843 folia
469 788 773 851 cujuscunque
800 787 932 836 sativi
965 788 1090 836 illita.
1117 788 1285 841 Eadem
1304 806 1406 836 cum
1429 789 1542 836 mel-

253 865 293 910 le
314 865 364 910 δε
383 861 660 925 epinyffidas
688 860 841 908 sanant
863 879 874 907 :
907 877 1008 911 cum
1036 861 1150 908 vino
1169 896 1185 919 ,
1212 861 1333 908 canis
1352 860 1541 910 morsus.

252 938 363 983 Item
380 933 654 996 millepedae:‚
680 932 781 996 sepa
795 932 947 981 Graeci
963 944 1163 991 vocant,
1181 932 1430 997 oblongam
1442 968 1455 991 ‚
1472 932 1544 995 pi-

253 1006 359 1053 lofis
387 1002 574 1069 pedibus
593 1042 607 1064 ,
632 1006 789 1070 pecori
816 1005 1041 1069 praecipue
1071 1004 1301 1053 nocivam.
1340 1003 1544 1051 Morsum

253 1093 407 1132 tumor
443 1078 716 1143 insequitur,
737 1082 786 1128 &
809 1079 1019 1144 putrescit
1045 1078 1188 1126 locus.
1223 1077 1318 1141 Ipse
1340 1077 1543 1125 cucumis

254 1153 400 1199 odore
430 1152 651 1205 defefhlm
687 1155 838 1202 animi.
872 1154 1045 1200 Coelos
1069 1152 1227 1199 deraso
1259 1151 1459 1207 cortice3
1485 1167 1543 1197 ex

254 1227 363 1277 oleo
386 1228 437 1273 &
462 1227 592 1274 melle
609 1264 622 1287 ,
641 1227 935 1290 jucundiores
964 1227 1048 1274 effe
1076 1238 1249 1274 certum
1268 1226 1347 1273 est.

322 1303 418 1347 VH.
435 1301 682 1349 Cucurbita
704 1319 887 1366 quoque
901 1299 1111 1349 filvestris
1130 1300 1388 1358 invenitur,
1408 1297 1547 1361 spon-

255 1392 339 1440 gos
357 1393 382 1421 a
399 1376 571 1423 Graecis
602 1377 818 1439 appellata
836 1413 850 1436 ‚
883 1376 1052 1434 inanis,
1081 1374 1231 1440 (unde
1265 1375 1316 1422 &
1343 1373 1544 1436 nomen)

258 1446 431 1511 digitali
465 1448 745 1497 craffitudine
764 1487 779 1508 ‚
819 1467 916 1497 non
949 1449 1029 1497 nifi
1068 1448 1116 1495 in
1150 1447 1317 1495 saxofis
1346 1445 1546 1496 nascens.

259 1519 403 1580 Hujus
436 1524 820 1570 commanducatae
846 1523 1004 1574 succus
1033 1521 1271 1571 stomacho
1295 1519 1541 1567 admodum

258 1591 458 1657 prodest.

325 1668 442 1713 VIII.
463 1663 772 1728 Colocynthis
788 1676 984 1710 vocatur
1015 1660 1099 1707 alia
1115 1696 1130 1718 ‚
1151 1659 1245 1724 ipsa
1275 1659 1407 1723 plena
1421 1695 1436 1717 ,
1471 1657 1545 1705 sed

259 1741 412 1794 minor
440 1756 572 1803 quam
606 1737 760 1784 sativa.
799 1736 969 1783 Utilior
999 1734 1192 1798 pallida,
1226 1735 1410 1798 quando
1447 1732 1543 1794 ejus

260 1814 362 1876 sunt
383 1811 629 1858 medicinae.
668 1809 898 1856 Herbacea
922 1807 1113 1854 arefafiha
1144 1824 1224 1870 per
1252 1806 1296 1853 se
1323 1805 1464 1853 inanit
1486 1805 1549 1853 al-

198 1933 201 1936 ,
261 1904 389 1932 vum.
419 1884 564 1932 Infusa
584 1899 772 1948 quoque
790 1880 1058 1946 clysteribus
1072 1915 1087 1939 ,
1108 1879 1426 1926 intestinorum
1445 1895 1550 1925 om-

262 1959 396 2006 nibus
429 1958 554 2005 vitiis
584 1957 786 2004 medetur
808 1992 823 2014 ,
862 1957 913 2003 &
947 1971 1104 2002 renum
1122 1989 1137 2013 ,
1175 1955 1227 2001 &
1256 1953 1512 2001 lumborum
1533 1987 1549 2010 ‚

263 2034 315 2097 &
344 2031 567 2096 paralyfi:
599 2030 740 2092 ejeflo
772 2028 966 2085 semine,
1003 2044 1117 2090 aqua
1146 2025 1286 2073 mulsa
1314 2026 1362 2072 in
1393 2043 1444 2073 ea
1470 2025 1550 2071 de·-

258 2105 482 2168 *coquitur
512 2105 567 2151 ad
595 2103 823 2150 dimidias:
850 2101 1067 2149 tutiffimo
1095 2098 1393 2145 infunduntur
1419 2096 1550 2144 oboli

261 2188 472 2239 quatuor.
505 2173 689 2220 Prodest
721 2175 770 2221 &
799 2171 1030 2219 stomacho
1047 2207 1061 2229 ,
1094 2168 1250 2219 farinae
1276 2169 1408 2216 aridae
1431 2168 1550 2232 pilu-

263 2249 319 2296 lis
350 2266 453 2297 cum
473 2248 662 2295 (166οᾶ0
695 2246 826 2294 melle
855 2244 1023 2292 sumtis.
1046 2245 1096 2291 ln
1121 2241 1288 2288 morbo
1305 2242 1433 2305 regio
1457 2240 1550 2287 uti·-

264 2321 368 2368 liter
396 2320 560 2367 semina
587 2318 680 2380 ejus
710 2317 977 2375 sumuntur,
1004 2317 1055 2363 &
1078 2313 1285 2377 protinus
1302 2330 1413 2377 aqua
1431 2311 1548 2359 mul-

267 2393 326 2441 sa.
363 2394 532 2440 Carnes
556 2391 649 2454 ejus
679 2408 781 2438 cum
814 2388 1036 2437 abfinthio
1061 2389 1112 2435 ὃ(
1140 2383 1227 2433 sale¹
1247 2386 1448 2433 dentium
1465 2385 1548 2430 do-

268 2464 414 2518 lorem
456 2464 637 2515 tollunt.
676 2464 843 2516 Succus
870 2477 986 2510 vero
1020 2476 1124 2512 cum
1155 2473 1284 2510 aceto
1313 2455 1548 2507 calefastus
