1653 2797
242 189 331 235 270
502 169 1257 219 C.PL1NIISECUND1

238 296 310 329 cat
327 318 339 339 ,
359 281 636 343 segetemque
659 277 865 334 discernit
888 296 911 324 a
930 278 1102 341 cespite.
1135 273 1426 342 Leguminum
1447 278 1509 327 ci-

238 371 313 401 cer
345 353 528 410 eadem,
560 368 657 414 quae
678 350 771 408 far,
804 349 1027 396 desiderat.
1058 351 1174 398 Faba
1205 353 1381 398 runcari
1403 347 1509 399 ‘non

236 425 392 491 gestit:
428 424 641 487 quoniam
661 423 834 470 evincit
852 423 1007 469 herbas
1038 423 1267 486 lupinum,
1295 438 1509 472 runcatur

235 512 420 545 tantum.
458 497 660 553 Milium,
691 495 966 557 &panicum
987 509 1198 555 occatur,
1233 499 1283 544 &
1303 495 1505 546 sarritur:

233 590 331 619 non
355 572 559 628 iteratur,
577 587 672 615 non
691 581 927 615 runcatur:
948 570 1083 616 silicia
1099 573 1149 617 &
1168 570 1322 617 faseoli
1341 587 1508 618 occan-

232 660 306 694 tur
321 659 506 692 tantum.
525 646 636 690 Sunt
647 660 804 707 genera
823 655 951 688 terrae
966 678 980 701 ‚
998 659 1188 705 quarum
1203 645 1380 690 ubertas
1400 661 1507 708 pec-

231 718 366 766 tinari
391 717 579 781 segetem
604 717 649 761 in
680 715 815 760 herba
851 725 1009 776 cogat:
1045 714 1199 777 (cratis
1228 718 1278 763 ὅ(
1307 717 1397 763 hoc
1428 734 1504 781 ge-

232 809 314 838 nus
330 829 344 848 ,
365 791 550 837 dentatae
571 788 677 834 stilis
707 786 861 834 ferreis
876 785 922 850 :)
941 787 1182 851 eademque
1212 788 1503 838 nihilominus

229 869 279 914 &
305 865 612 928 depascuntur.
649 863 767 921 Quae
792 861 962 923 depasta
996 859 1120 919 sunt,
1146 858 1318 908 sarculo
1344 863 1502 910 iterum

229 935 417 983 excitari
448 932 747 980 necessarium.
775 937 834 978 At
863 932 909 977 in
935 932 1122 990 Bactris,
1148 932 1324 992 Africa,
1358 935 1503 998 Cyre·

230 1026 286 1055 ne
305 1045 318 1066 ,
347 1007 501 1053 omnia
531 1006 623 1051 haec
646 1004 916 1067 seper-vacua
941 1002 1048 1050 fecit
1075 1004 1346 1069 indulgentia
1377 1007 1501 1066 caeli‚

227 1083 278 1128 δέ
304 1098 328 1127 a
354 1079 544 1126 semente
575 1094 670 1124 non
693 1076 772 1123 nisi
801 1077 1004 1123 meflibus
1031 1077 1078 1122 in
1105 1095 1252 1124 aream
1284 1080 1498 1128 redeunt:

226 1154 333 1218 quia
364 1151 530 1198 siccitas
562 1162 740 1197 coercet
765 1150 919 1195 herbas
936 1185 949 1206 ‚
977 1148 1124 1213 fruges
1157 1152 1381 1198 nocturno
1402 1164 1499 1200 tac-

225 1239 290 1273 tas
318 1242 421 1272 rore
462 1223 676 1270 nutriens.
722 1223 937 1286 Virgilius
971 1222 1151 1269 alternis
1189 1223 1348 1270 cessare
1386 1241 1496 1271 arva

225 1298 402 1345 suadet:
436 1299 486 1344 &
517 1298 636 1353 hoc,
672 1295 703 1341 si
735 1296 957 1358 patiantur
987 1295 1098 1342 ruris
1132 1294 1298 1358 spatia,
1327 1297 1498 1344 utiliffi-

222 1389 346 1418 mum
373 1369 537 1433 procul
578 1368 715 1415 dubio
748 1368 822 1414 est.
864 1368 1005 1427 Quod
1034 1367 1066 1413 fi
1092 1381 1225 1432 neget
1256 1369 1462 1416 conditio
1480 1406 1494 1428 ‚

222 1445 289 1491 far
314 1445 544 1491 serendum
561 1481 574 1501 ,
593 1443 711 1489 unde
732 1445 781 1489 &
802 1442 1009 1504 lupinum
1025 1478 1039 1500 ,
1062 1455 1136 1488 aut
1155 1442 1275 1489 vicia
1291 1479 1304 1501 ‚
1325 1457 1400 1490 aut
1426 1443 1494 1490 fa·-

220 1521 277 1565 ba
304 1518 468 1564 sublata
501 1517 615 1574 sint,
650 1518 698 1562 &
731 1533 831 1578 quae
863 1529 1025 1561 terram
1055 1515 1222 1563 faciant
1260 1514 1491 1566 laetiore'm.

219 1594 269 1637 In
291 1590 532 1653 primisque
563 1591 612 1636 ὅ(
641 1589 731 1633 hoc
765 1588 1010 1633 notandum
1031 1624 1044 1644 ,
1070 1590 1272 1650 quaedam
1307 1605 1492 1653 propter

158 1708 162 1709 ⁷
218 1665 304 1712 alia
334 1664 413 1710 seri
448 1663 620 1709 obiter:
648 1660 719 1706 sed
742 1678 896 1722 parum
922 1661 1167 1722 provenire
1198 1662 1340 1723 priori
1371 1664 1489 1708 dixi-

217 1756 313 1785 mus
345 1736 610 1793 volumine,
640 1751 694 1780 ne
724 1733 876 1780 eadem
918 1733 1071 1796 saepius
1092 1733 1321 1781 dicantur:
1347 1736 1487 1798 pluri-

218 1829 342 1858 mum
367 1810 485 1856 euim
514 1807 648 1853 refert
674 1804 757 1851 soli
785 1804 997 1868 cujusque
1022 1804 1152 1852 ratio.

278 1887 345 1930 LI.
377 1882 553 1929 Civitas
582 1880 746 1927 Africae
772 1879 818 1924 in
846 1878 1000 1926 mediis
1031 1880 1199 1937 arenis,
1237 1879 1488 1942 petentibus

214 1959 367 2021 Syrtes
399 1956 648 2018 Leptinque
678 1970 882 2016 magnam
901 1988 914 2010 ‚
944 1966 1136 2000 vocatur
1165 1954 1343 2016 Tacape
1364 1990 1377 2012 ‚
1418 1954 1484 2000 fe-

212 2031 289 2077 lici
321 2029 450 2092 super
467 2045 602 2074 omne
625 2026 887 2074 miraculum
919 2026 1049 2090 riguo
1080 2026 1201 2073 solo:
1231 2027 1367 2074 ternis
1392 2027 1484 2075 fere

213 2104 406 2150 millibus
442 2102 637 2165 passuum
670 2103 718 2148 in
736 2118 916 2148 omnem
938 2112 1106 2163 partem
1134 2100 1237 2147 fons
1260 2101 1481 2159 abundat,

212 2177 358 2240 largus
385 2176 594 2238 quidem,
625 2175 697 2221 sed
727 2175 858 2221 certis
891 2174 1105 2220 horarum
1129 2171 1277 2235 spatiis
1311 2173 1480 2236 dispen-

212 2250 327 2297 satur
359 2249 474 2295 inter
510 2248 693 2294 incolas.
723 2247 883 2293 Palmae
918 2246 978 2291 ibi
1011 2245 1258 2308 praegrandi
1284 2244 1480 2291 subditur

210 2320 338 2376 olea,
370 2319 476 2365 huic
505 2317 642 2375 ficus,
679 2316 769 2364 fico
798 2316 962 2362 Punica
979 2352 991 2373 ,
1017 2315 1081 2360 illi
1108 2317 1247 2362 vitis:
1280 2315 1357 2362 sub
1385 2315 1477 2362 vite

209 2391 365 2438 seritur
390 2390 660 2437 frumentum
681 2426 694 2447 ‚
734 2406 844 2435 mox
877 2389 1080 2451 legumen
1098 2424 1111 2446 ,
1149 2389 1306 2434 deinde
1341 2388 1442 2433 olus
1461 2422 1474 2444 ‚

209 2464 358 2511 omnia
387 2464 546 2511 eodem
572 2480 721 2511 anno:
753 2462 991 2525 omniaque
1011 2461 1152 2508 aliena
1170 2461 1324 2508 umbra
1349 2460 1474 2506 alun-
