1653 2797
248 194 523 245 NATUR.
558 192 863 244 HISTOR„
899 193 1028 244 LIB.
1061 193 1228 245 XVII.
1299 210 1391 260 207

185 305 423 353 XXXVII.
461 320 497 351 1.
525 305 585 350 At
611 303 784 350 abunde
810 303 904 350 satu
933 306 1148 370 cultuque
1181 306 1394 353 arborum

123 378 334 437 mirato,
361 376 577 440 quoniam
606 375 659 421 de
691 375 847 437 palmis
879 393 932 422 ac
957 379 1105 441 cytiso
1127 378 1172 424 in
1198 380 1394 443 peregri-

125 452 195 498 nis
223 451 454 498 arboribus
481 444 646 496 affatim
675 448 898 507 diximus,
931 465 985 494 ne
1020 450 1129 512 quid
1159 451 1296 510 desit,
1327 452 1399 497 in-

126 524 314 571 dicanda
343 522 514 586 reliqua
537 535 693 568 natura
713 516 764 568 sit
777 558 791 580 ,
809 535 1079 585 magnopere
1100 524 1325 585 pertinens
1345 524 1402 571 ad

129 598 282 646 omnia
310 613 374 644 ea.
413 596 676 644 Infestantur
711 613 901 659 namque
929 599 978 644 &
1005 597 1186 642 arbores
1218 598 1403 645 morbis.

131 670 257 731 Quid
276 669 397 717 enim
422 669 619 733 genitum
647 681 766 716 caret
792 669 858 715 his
878 669 1029 716 malis?
1067 669 1121 714 Et
1140 668 1404 727 silvestrium

129 742 312 806 quidem
338 742 612 805 perniciosos
637 753 800 806 negant
830 741 912 787 effe
931 774 945 799 ,
964 741 1210 805 vexarique
1235 755 1408 788 tantum

133 806 350 880 grandine
382 816 428 862 in
451 816 775 880 germinatione
800 827 876 862 aut
902 813 1029 863 flore,
1063 815 1202 861 Aduri
1226 832 1411 878 quoque

135 888 320 936 fervore
335 926 350 947 ,
370 902 446 936 aut
463 890 570 937 flatu
596 888 826 953 frigidiore
839 925 852 947 ,
872 886 1145 950 praepostero
1165 887 1262 933 die:
1294 903 1414 950 quo-

139 959 262 1008 niam
289 960 367 1007 suo
399 961 567 1025 frigora
597 962 730 1007 etiam
752 960 966 1023 prosunt,
985 969 1036 1005 ut
1055 957 1261 1005 diximus.
1289 958 1417 1018 Quid

138 1036 281 1099 ergo?
311 1052 465 1082 nonne
489 1037 540 1082 δε
569 1036 685 1081 vites
714 1033 865 1098 algore
894 1031 1150 1079 intereunt?
1184 1034 1287 1079 Hoc
1312 1034 1416 1095 qui—⁹

141 1106 245 1153 dem
270 1105 332 1152 est
347 1141 360 1164 ,
389 1121 482 1169 quo
508 1106 865 1169 deprehendatur
882 1103 965 1152 soli
986 1105 1150 1152 vitium
1166 1140 1180 1163 ,
1201 1105 1420 1168 quoniam

144 1197 241 1228 non
268 1179 444 1240 evenit,
474 1179 553 1228 nisi
581 1181 628 1226 in
654 1179 834 1244 frigido.
863 1183 1014 1244 Itaque
1034 1194 1112 1243 per
1137 1179 1302 1226 hiemes
1324 1179 1423 1225 caeli

146 1254 341 1318 rigorem
373 1255 645 1317 probamus,
677 1271 771 1301 non
797 1254 891 1302 soli.
918 1256 1014 1302 Nec
1038 1252 1338 1300 infirmiffimae
1358 1269 1425 1298 ar·-

148 1328 280 1375 bores
304 1328 405 1392 gelu
435 1327 768 1391 periclitantur,-
789 1327 862 1374 sed
894 1327 1126 1374 maximae:
1160 1324 1427 1388 vexatisque

149 1399 213 1446 ita
242 1399 471 1446 cacumina
499 1399 641 1462 prima
657 1398 938 1457 inarescunt,
969 1398 1184 1462 quoniam
1208 1396 1429 1459 praestric-

152 1485 223 1520 tus
250 1471 351 1536 gelu
375 1486 469 1519 non
498 1472 649 1535 potuit
677 1488 732 1518 eo
767 1471 1004 1534 pervenire
1036 1471 1219 1516 humor.

222 1561 263 1591 2.
293 1545 524 1593 Arborum
548 1545 727 1609 quidam
757 1559 1020 1592 communes
1049 1543 1225 1601 morbi,
1251 1542 1434 1606 quidam

155 1618 324 1682 privati
350 1635 575 1683 generum.
611 1618 877 1666 Communis
907 1617 1225 1665 vermiculatio
1255 1615 1345 1674 est,
1375 1615 1434 1661 fim

158 1692 330 1738 deratio
347 1728 362 1749 ‚
397 1709 448 1738 ac
470 1692 606 1738 dolor
629 1692 933 1738 membrorum
950 1727 964 1748 ,
986 1691 1105 1736 unde
1139 1689 1330 1752 partium
1356 1687 1436 1735 de*

159 1765 333 1813 bilitas:
366 1766 572 1813 societate
609 1766 846 1812 nominum
873 1781 1056 1829 quoque
1077 1779 1178 1810 cum
1202 1761 1439 1808 hominurn

162 1838 362 1887 miseriis.
399 1841 582 1887 Trunca
617 1839 807 1887 dicimus
842 1852 958 1885 certe
987 1853 1179 1899 corpora
1200 1872 1214 1894 ‚
1240 1838 1290 1884 δέ
1325 1851 1441 1882 ocuo

164 1910 235 1958 los
274 1912 521 1974 germinum
554 1912 757 1971 exustos,
790 1929 841 1959 ac
871 1910 1011 1957 multa
1035 1907 1164 1955 simili
1188 1904 1321 1954 sorte,
1353 1909 1442 1952 [ta-2

169 2001 257 2048 que
279 1984 486 2030 laborant
509 1986 559 2032 &
587 1982 724 2042 fame,
755 1987 804 2032 &
830 1982 1046 2031 cruditate
1063 2017 1076 2039 ,
1102 1996 1203 2045 quae
1230 1978 1342 2025 fiunt
1361 1979 1447 2025 hun

170 2057 310 2104 moris
353 2058 613 2121 quantitate.
666 2059 840 2121 Aliquae
875 2070 988 2103 vero
1029 2056 1080 2101 ὅ(
1122 2052 1358 2100 obesitate:
1399 2063 1447 2098 ut

173 2129 327 2177 omnia
346 2146 444 2193 quae
473 2131 660 2176 resinam
688 2129 867 2186 ferunt,
896 2127 1033 2174 nimia
1068 2125 1380 2189 pinguitudine
1400 2124 1448 2170 in

174 2202 322 2249 tedam
350 2214 604 2249 mutantur:
641 2205 691 2250 &
718 2219 821 2249 cum
852 2198 1018 2248 radices
1053 2213 1235 2261 quoque
1262 2197 1450 2259 pingue*

179 2276 296 2323 scere
331 2293 509 2339 coepere
528 2313 542 2335 ,
563 2277 787 2323 intereunt
805 2311 817 2333 ,
846 2288 896 2322 ut
926 2272 1157 2330 animalia,
1187 2271 1329 2316 nimio
1355 2268 1452 2315 adi-

179 2366 264 2412 pe:
299 2349 539 2412 aliquando
571 2351 621 2397 &
648 2349 894 2412 pestilentia
920 2364 1000 2411 per
1017 2362 1203 2410 genera,
1239 2343 1352 2389 sicut
1384 2343 1456 2388 in·-

183 2437 250 2471 ter
279 2423 516 2481 homines,
553 2440 673 2472 nunc
710 2422 921 2479 servitia,
951 2437 1070 2468 nunc
1104 2418 1229 2481 plebs
1259 2416 1455 2475 urbana,

183 2496 258 2544 vel
287 2495 458 2543 rustica.
