1653 2797
267 248 353 306 164
545 246 1294 298 C.PL1N118ECUND1

232 354 384 411 -faba,
415 354 550 401 vicia.
596 354 720 401 Sicut
758 372 783 401 e
821 357 1053 403 contrario
1091 357 1237 414 cicer,
1270 357 1375 422 quia
1405 360 1539 409 velli-

254 438 357 483 tur,
385 427 434 473 ὅ(
468 427 573 490 quia
603 426 756 474 salsum
790 428 878 475 est:
915 429 1138 475 hordeum
1157 466 1171 488 ‚
1198 430 1374 477 foenum
1407 434 1537 479 Grae-

252 516 357 546 cum
379 537 391 557 ‚
422 517 616 548 ervum:
657 501 754 548 haec
798 503 954 567 omnia
995 503 1185 566 segetem
1223 517 1452 563 exurunt,
1487 508 1538 554 &

250 573 405 619 omnia
436 591 536 639 quae
570 575 833 621 velluntur:
868 576 1054 622 nucleos
1088 577 1134 623 in
1166 578 1358 641 segetem
1386 596 1442 626 ne
1468 579 1538 627 in-

249 647 426 694 dideris.
465 649 679 712 Virgilius
710 651 758 696 &
799 648 895 694 lino
930 648 1121 712 segetem
1148 651 1301 712 exuri,
1345 654 1395 699 &
1423 670 1534 701 ave-

249 738 308 767 na
329 758 339 779 a
363 724 411 769 &
432 739 657 784 papavere
678 722 927 768 arbitratur.

328 797 442 841 VIII.
489 795 657 841 Fimeta
679 795 756 840 sub
779 794 854 839 dio
881 811 1093 841 concavo
1120 795 1228 842 loco
1245 832 1258 854 ‚
1277 798 1327 844 &
1346 798 1426 860 qui
1445 798 1533 845 hu-

246 886 422 916 morem
450 868 654 930 colligat,
677 866 920 913 stramento
941 867 1127 925 intecta,
1167 885 1223 914 ne
1245 869 1291 914 in
1312 869 1414 915 Sole
1432 888 1531 917 are-

245 941 369 988 scant
385 978 397 999 ,
427 941 533 1003 palo
557 957 580 986 e
600 940 768 986 robore
797 941 982 1003 depasto
1012 939 1109 988 fieri
1133 941 1319 1003 jubent:
1351 942 1411 989 ita
1427 943 1530 990 fore

241 1032 301 1060 ne
337 1013 622 1060 innascantur
639 1013 705 1059 his
731 1013 968 1076 serpentes.
987 1015 1159 1060 Fimum
1179 1014 1363 1062 miscere
1381 1028 1529 1075 terrae,

238 1087 482 1151 plurimum
513 1086 649 1133 refert
672 1088 879 1134 Favonio
915 1085 1077 1146 flante,
1106 1107 1154 1136 ac
1184 1092 1310 1136 Luna
1340 1090 1529 1138 fitiente.

239 1163 290 1208 Id
312 1161 513 1224 plerique
534 1177 672 1224 prave
694 1161 950 1224 intelligunt
969 1179 993 1207 a
1014 1163 1209 1209 Favonii
1231 1175 1336 1209 ortu
1360 1162 1528 1210 facien-

238 1235 346 1280 dum
368 1271 381 1291 ‚
412 1251 462 1280 ac
493 1234 733 1279 Februario
764 1233 912 1279 mense
945 1246 1150 1281 tantum:
1175 1252 1278 1281 cum
1306 1235 1352 1281 id
1378 1236 1526 1298 plera-

237 1327 326 1369 que
346 1309 433 1355 sata
458 1308 553 1354 aliis
574 1307 803 1369 postulent
824 1307 1073 1354 mensibus·
1101 1310 1394 1372 Quocunque
1411 1321 1529 1356 tem-

239 1400 353 1445 pore
385 1383 529 1429 tacere
558 1381 718 1437 libeat,
748 1380 991 1427 curandum
1023 1394 1074 1427 ut
1102 1382 1158 1427 ab
1191 1382 1353 1428 occasu
1384 1383 1525 1445 aequi-

238 1455 422 1500 noffiali
441 1454 577 1500 flante
605 1466 747 1498 vento
782 1453 856 1499 fiat
875 1489 889 1511 ‚
919 1455 1131 1516 Lunaque
1164 1453 1443 1501 decrescente
1472 1472 1526 1502 ac

237 1528 368 1575 sicca.
406 1528 574 1572 Mirum
605 1525 652 1569 in
682 1526 868 1570 modum
902 1539 1089 1587 augetur
1116 1526 1293 1572 ubertas
1320 1525 1532 1573 effectus-—

236 1618 324 1665 que
359 1599 453 1660 ejus
489 1597 807 1644 observatione
845 1597 936 1642 tali.

310 1674 393 1719 IX.
441 1671 633 1718 Abunde
676 1669 884 1732 praedicta
924 1668 1097 1715 ratione
1134 1670 1231 1716 caeli
1266 1687 1318 1716 ac
1357 1682 1521 1731 terrae‚

236 1761 359 1791 nuuc
394 1744 446 1789 de
482 1742 548 1787 his
582 1741 819 1787 arboribus
854 1740 1043 1786 dicimus
1063 1776 1076 1797 ,
1098 1757 1198 1802 quae
1229 1759 1334 1788 cura
1368 1742 1520 1789 homi-

234 1838 346 1865 num
379 1831 511 1880 atque
545 1829 636 1862 arte
669 1815 963 1877 proveniunt.
1008 1815 1104 1861 Nec
1135 1816 1349 1877 pauciora
1374 1834 1520 1880 prope

235 1894 337 1940 sunt
359 1908 539 1956 genera:
560 1904 650 1937 tam
668 1890 859 1953 benigne
876 1902 1048 1936 naturae
1071 1890 1256 1952 gratiam
1273 1889 1519 1937 retulimus.

235 1969 328 2013 Aut
356 1966 477 2012 enim
508 1965 672 2011 semine
697 1963 1004 2025 proveniunt,
1030 1975 1105 2008 aut
1131 1961 1294 2023 plantis
1325 1961 1517 2022 radicis,

234 2051 311 2086 aut
332 2039 602 2101 propagine,
625 2049 698 2083 aut
727 2036 986 2094 avulsione,
1015 2047 1090 2082 aut
1119 2034 1299 2081 surculo
1315 2070 1329 2092 ,
1352 2046 1429 2081 aut
1447 2035 1520 2080 in-

233 2110 319 2156 fito
343 2113 393 2156 &
417 2109 626 2155 consecto
652 2108 826 2155 arboris
854 2124 1034 2154 trunco.
1070 2107 1188 2164 Nam
1213 2105 1322 2152 folia
1347 2105 1520 2168 palma-

233 2199 335 2227 rum
355 2181 472 2243 apud
493 2180 776 2243 Babylonios
803 2178 883 2225 seri
898 2215 911 2237 ‚
929 2191 1060 2241 atque
1084 2177 1144 2223 ita
1169 2178 1378 2223 arborem
1401 2194 1513 2240 pro-

234 2254 421 2311 venire,
450 2253 656 2315 Trogum
688 2252 917 2298 credidisse
950 2250 1161 2296 demiror.
1195 2250 1416 2309 Quaedam
1432 2267 1512 2296 au-

203 2352 205 2355 ·
234 2338 323 2373 tem
344 2324 544 2388 pluribus
564 2323 797 2386 generibus
815 2323 1043 2380 seruntur,
1065 2323 1267 2386 quaeclam
1288 2322 1512 2369 omnibus.

300 2401 357 2446 X.
394 2401 460 2444 Ac
497 2398 705 2460 pleraque
744 2414 799 2443 ex
838 2398 904 2443 his
938 2397 1028 2459 ipsa
1061 2410 1218 2443 natura
1249 2395 1427 2453 docuit,
1459 2397 1514 2443 &

234 2470 282 2516 in
315 2471 468 2533 primis
498 2469 646 2522 semen
679 2469 818 2516 serere
838 2507 852 2527 ‚
880 2488 984 2517 cum
1011 2470 1218 2517 decidens
1245 2469 1508 2531 exceptum-

207 2559 315 2607 ,que
340 2556 454 2590 terra
476 2541 741 2591 vivesceret.
774 2543 859 2589 Sed
887 2543 1093 2607 quaedam
1119 2559 1217 2590 non
1237 2541 1362 2590 aliter
1393 2557 1507 2604 pro-3
