1653 2797
248 147 857 217 NATURjfflsToR.
901 165 1032 214 Lm,
1081 165 1267 213 xvi-1.
1342 164 1425 226 183

151 275 340 341 ligenter
372 279 568 326 eximere
588 274 736 322 oleam
759 285 947 336 oportet
965 311 980 334 ‚
1012 277 1063 323 δε
1097 274 1267 322 radices
1292 290 1428 338 quam

151 351 366 414 plurimas
400 369 504 399 cum
531 361 650 396 terra
682 346 813 394 ferre.
855 348 947 394 Ubi
972 349 1140 396 radices
1169 348 1282 396 bene
1314 364 1432 411 ope«-

150 423 290 470 rueris
307 459 326 481 ,
340 422 509 470 calcare
534 419 649 467 bene
665 455 679 477 ‚
701 435 757 465 ne
787 418 898 482 quid
915 432 1093 466 noceat.

214 497 366 548 XXX.
402 512 441 543 1.
458 494 504 542 Si
529 493 630 559 quis
657 503 854 556 quaerat,
880 492 1005 556 quod
1032 504 1206 557 tempus
1228 494 1342 541 oleae
1362 492 1432 540 se·

150 568 297 615 rendae
327 567 412 626 fit,
452 583 562 631 agro
596 566 716 613 ficco
754 583 836 629 per
868 565 1139 621 sementem,
1176 584 1286 630 agro
1323 568 1432 613 laeto

148 657 231 704 per
261 657 359 689 ver.
395 639 637 687 Olivetum
670 638 825 686 diebus
867 653 941 686 xv
970 651 1074 686 ante
1108 639 1431 703 aequinoffiiun

149 730 345 762 vernum·
366 713 559 776 incipito
593 723 766 775 putare.
796 713 864 758 Ex
898 728 957 759 eo
990 711 1061 758 die
1088 712 1184 758 dies
1216 726 1285 758 XL
1315 711 1434 757 rev-‘Cle

146 785 338 849 putabis.
370 785 421 832 Id
446 785 537 832 hoc
561 784 705 831 modo
726 795 902 848 putatos
931 786 1040 845 Qua
1074 785 1203 834 locus
1225 785 1342 830 reste
1360 782 1430 829 fe-

146 875 227 905 rax
249 858 333 906 erit
345 894 363 916 ,
383 874 484 922 quae
502 857 625 904 arida
651 870 786 905 erunt
801 894 815 917 ‚
835 859 884 905 &
911 858 944 904 fi
974 859 1086 922 quid
1105 872 1269 908 ventus
1288 858 1429 904 inter-

148 929 330 995 fregerit
348 965 362 989 ,
383 931 487 977 inde
507 946 559 977 ea
582 931 737 977 omnia
771 930 977 978 eximito,
1013 933 1118 992 Qua
1139 929 1270 980 locus
1304 929 1429 976 ferax

147 1019 245 1049 non
279 1000 389 1060 erit,
421 1001 467 1047 id
489 1000 589 1064 plus
625 1001 860 1049 concidito
878 1038 893 1059 ,
914 1015 1133 1066 aratoque
1150 1003 1265 1068 bene
1279 1039 1294 1061 ,
1312 1019 1430 1050 eno-

147 1074 344 1138 datoque
361 1109 376 1134 ,
405 1072 647 1137 stirpesque
676 1074 802 1122 leves
828 1074 981 1122 facito,
1002 1075 1186 1122 Circum
1204 1074 1326 1121 oleas
1348 1091 1430 1119 au-

147 1147 385 1194 tumnitate
404 1146 669 1210 ablaqueato
683 1184 699 1205 ,
720 1149 770 1195 ὅς
787 1147 957 1195 stercus
975 1148 1142 1213 addito.
1168 1146 1264 1207 Qui
1283 1146 1431 1194 olive-

147 1229 245 1267 tum
276 1218 502 1282 saepiffime
531 1220 582 1266 &
605 1218 806 1266 altissim-e
835 1219 1037 1266 miscebit
1055 1255 1070 1278 ‚
1096 1219 1132 1266 is
1157 1218 1433 1265 tenuissimas

145 1293 317 1340 radices
351 1291 568 1340 exarabit.
603 1292 792 1339 Radices
819 1292 852 1339 fi
880 1292 1050 1340 sursum
1069 1293 1283 1350 abibunt,
1309 1290 1432 1338 cras-

146 1365 284 1412 fiores
307 1363 446 1424 fient,
472 1367 521 1413 δέ
547 1380 603 1411 eo
634 1364 682 1410 in
704 1365 877 1412 radices
905 1365 1027 1413 vires
1054 1366 1169 1412 oleae
1196 1364 1402 1411 ahi-bunt.

232 1454 276 1484 2.
311 1438 432 1497 Quae
471 1454 634 1502 genera
677 1438 882 1484 olearum
903 1473 919 1496 ,
957 1438 1033 1484 vel
1059 1438 1108 1484 in
1138 1453 1235 1500 quo
1269 1452 1434 1500 genere

148 1521 279 1556 terrae
306 1509 468 1557 vivere
498 1510 548 1557 &
568 1508 651 1557 seri
672 1508 889 1566 debeant,
909 1526 1095 1573 quoque
1120 1508 1312 1571 spediare
1340 1508 1433 1554 oli-

148 1595 280 1641 veta,
307 1582 502 1629 diximus
528 1582 575 1628 in
607 1582 783 1630 ratione
818 1582 921 1629 olei.
955 1584 1129 1646 Magno
1156 1582 1206 1627 in
1238 1580 1356 1629 colle
1379 1582 1432 1629 &t

147 1656 304 1715 ficcis,
329 1655 582 1720 &‚argilla,
599 1655 718 1702 inter
747 1668 1013 1704 autumnum
1046 1658 1099 1704 ὃς
1123 1656 1328 1703 bru-mam
1347 1654 1433 1704 scri

145 1727 276 1791 juffit.
298 1731 348 1776 In
374 1728 514 1779 craffo
536 1740 612 1776 aut
644 1728 833 1776 humido
847 1766 861 1789 ‚
894 1741 970 1777 aut
988 1729 1201 1794 subriguo
1221 1766 1235 1788 ,
1257 1747 1280 1776 a
1298 1729 1434 1775 meffe

148 1801 204 1847 ad
225 1802 444 1849 brumam.
480 1801 627 1862 Quod
653 1802 909 1866 praecepiffe
935 1820 1036 1850 eum
1068 1801 1235 1849 Africae
1258 1801 1433 1848 intelli-

149 1874 282 1936 gitur.
314 1874 436 1921 Italia
460 1873 646 1937 quidem
674 1892 794 1922 nunc
824 1893 931 1923 vere
969 1875 1161 1922 maxime
1198 1873 1313 1921 serit.
1344 1873 1431 1920 Sed

149 1945 183 1991 fi
214 1947 264 1994 &
289 1957 511 1993 autumno
542 1945 707 2005 libeat,
740 1946 841 2010 post
875 1947 1198 2011 aequinoffium
1233 1960 1299 1992 XL
1333 1945 1432 1991 die-

150 2017 232 2063 bus
272 2017 328 2063 ad
359 2016 658 2081 Vergiliarum
703 2019 948 2078 occasum,
984 2031 1184 2083 quatuor
1220 2016 1304 2064 soli
1339 2017 1435 2064 dies

151 2090 277 2148 sunt,
304 2091 469 2154 quibus
498 2089 580 2137 seri
608 2103 786 2139 noceat.
816 2090 982 2138 Africae
1000 2089 1228 2153 peculiare>
1247 2088 1431 2151 quidem

150 2164 197 2208 in
232 2161 423 2209 oleastro
442 2161 504 2228 est
524 2162 730 2210 inserere.
768 2163 977 2224 Quadam
995 2161 1243 2209 aeternitate
1272 2159 1431 2206 conse-

150 2234 337 2283 nescunt
365 2233 572 2298 proxima
599 2234 839 2299 adoptioni
861 2235 994 2299 virga
1015 2235 1163 2283 emissa
1180 2270 1196 2292 ,
1218 2245 1349 2295 atque
1371 2232 1434 2278 ita

150 2309 231 2355 alia
263 2308 426 2354 arbore
455 2325 513 2354 ex
539 2309 692 2356 eadem
723 2307 1067 2370 juvenescente:
1098 2307 1349 2368 iterumque
1378 2305 1429 2350 ὃς

150 2381 328 2445 quoties
357 2397 471 2444 opus
498 2380 549 2428 fit
569 2417 583 2440 ‚
607 2393 656 2428 ut
685 2381 800 2428 aevis
828 2382 982 2428 eadem
1006 2380 1180 2426 oliveta
1207 2377 1429 2424 const-ent.

150 2454 355 2502 Inseritur
378 2466 524 2500 autem
554 2454 737 2502 oleaster
766 2454 968 2513 calam0‚
990 2455 1040 2501 &
1065 2450 1399 2499 inoculatione.

1048 2530 1098 2573 M
1135 2543 1168 2586 4
