1653 2797
221 185 282 233 34
513 167 1272 215 C.PL1N118ECUND1

222 292 418 340 utroq-ue
449 275 625 323 condiri
644 275 817 322 velint:
850 292 932 321 nec
951 292 1046 321 non
1064 275 1149 321 alia
1167 312 1181 333 ,
1203 288 1303 337 quae
1322 270 1384 321 'est
1400 293 1503 323 mu·-

222 352 301 408 sti,
334 350 432 412 pice
451 353 499 396 ὃς
527 363 693 395 natura.
724 348 982 411 Vitiumque
1004 348 1149 395 musto
1167 347 1430 411 quibusdam
1455 348 1504 395 in

223 421 337 469 locis
366 421 526 466 iterum
557 420 715 484 sponte
745 419 949 466 fervere:
981 436 1068 481 qua
1095 420 1343 466 calamita-te
1367 419 1504 482 depe-

223 497 280 542 rit
317 495 447 558 sapor
465 533 479 552 ,
517 510 767 558 vappaeque
803 493 965 555 accipit
1002 510 1169 539 nomen
1187 529 1201 551 ,
1234 492 1505 555 probrosum

223 568 358 615 etiam
393 567 658 623 hominum,
691 583 792 612 cum
828 565 1116 628 degeneravit
1146 566 1333 612 animus.
1375 565 1506 612 Aceti

224 640 347 686 enim
367 639 578 703 nequitiae
603 637 714 684 inest
732 637 876 685 virtus
896 654 1081 700 magnos
1113 638 1169 684 ad
1192 636 1294 684 usus
1311 673 1325 696 ,
1344 639 1394 686 &
1413 637 1505 685 fine

223 713 348 776 queis
373 713 469 758 vita
487 711 642 759 mitior
661 711 762 774 degi
785 727 880 758 non
912 710 1057 772 poffit.

286 785 453 830 Cetero
476 784 692 830 vinorum
725 782 1032 827 medicaminis
1052 793 1175 827 tanta
1195 798 1301 827 cura
1326 781 1388 827 est
1405 818 1420 838 ‚
1454 794 1508 829 ut

224 858 373 905 cinere
398 857 518 919 apud
537 855 753 917 quosdam
771 889 785 911 ,
818 870 900 900 ceu
929 854 1074 917 gypso
1105 853 1237 911 alibi,
1270 855 1320 902 δε
1344 854 1508 917 quibus

225 929 421 977 diximus
449 927 621 984 modis,
651 925 959 972 instaurentur.
994 926 1078 972 Sed
1114 927 1309 972 cinerem
1337 943 1361 972 e
1397 926 1507 974 vitis

225 1000 454 1050 sarmentis
472 1035 486 1056 ‚
502 1011 578 1044 aut
594 1015 761 1061 quercu
784 995 1041 1059 praeferunt.
1074 998 1201 1057 Quin
1221 999 1271 1044 ὅ(
1290 997 1508 1045 marinam

226 1091 389 1138 aquam
418 1072 615 1133 ejusdem
636 1070 699 1116 rei
722 1070 862 1133 gratia
891 1086 946 1116 ex
974 1071 1067 1116 alto
1088 1070 1180 1132 peti
1209 1068 1366 1131 jubent
1383 1105 1397 1131 2
1415 1069 1508 1116 ser-

225 1146 413 1209 varique
441 1145 496 1190 ab
517 1142 792 1206 aequinoctio
814 1159 961 1189 verno
977 1177 992 1200 ,
1012 1155 1090 1189 aut
1110 1156 1228 1189 certe
1256 1143 1389 1189 noete
1418 1142 1509 1191 sol·-

226 1218 346 1264 stitio
365 1253 378 1275 ‚
401 1219 451 1264 &
469 1215 697 1277 Aquilone
713 1213 849 1260 flante
868 1214 1034 1261 hauriri
1053 1250 1068 1273 ,
1090 1215 1167 1263 vel
1196 1214 1228 1261 s1
1263 1214 1382 1262 circa
1399 1215 1510 1264 vin-

228 1290 422 1337 demiam
441 1288 666 1336 hauriatur
681 1323 695 1344 ‚
716 1285 924 1349 decoqui.
1571 1278 1584 1285 ’

294 1363 376 1409 Pix
395 1361 441 1407 in
456 1361 578 1407 Italia
595 1359 651 1405 ad
667 1359 771 1405 vasa
788 1358 902 1405 vino
925 1358 1167 1406 condendo
1185 1358 1378 1407 maxime
1398 1377 1515 1424 pro-2

229 1437 357 1483 batur
380 1435 542 1481 Brutia.
568 1434 636 1480 Fit
663 1450 686 1479 e
707 1433 845 1496 piceae
875 1434 1041 1486 resina:
1066 1434 1112 1480 in
1133 1434 1344 1497 Hispania
1362 1449 1510 1482 autem

230 1529 254 1557 e
284 1509 486 1573 pinastris
501 1547 515 1567 ‚
539 1508 723 1554 minime
743 1507 929 1555 laudata.
950 1508 1022 1554 Est
1043 1509 1163 1555 enim
1193 1509 1332 1555 retina
1352 1509 1510 1556 harum

206 1599 210 1605 ’
230 1600 377 1630 amara
395 1583 446 1629 &
463 1581 583 1628 arida
603 1616 617 1638 ‚
638 1582 688 1628 &
703 1580 829 1643 gravi
853 1581 1008 1628 odore.
1027 1580 1340 1627 Differentiam
1368 1582 1510 1629 ratio-

230 1672 425 1719 nemque
458 1653 649 1700 faciendi
668 1653 881 1716 proximo
911 1653 1148 1700 volumine
1183 1652 1509 1700 demonstrabi-

230 1736 328 1776 'mus
346 1729 461 1775 inter
482 1729 661 1774 arbores
679 1726 805 1773 feras.
841 1726 962 1773 Vitia
977 1762 990 1785 ‚
1026 1739 1185 1790 praeter
1204 1725 1333 1789 supra
1367 1726 1479 1773 dicta
1495 1762 1512 1785 ,

231 1817 340 1848 acor
358 1812 433 1846 aut
451 1797 671 1844 fumidum
689 1798 843 1844 virus:
869 1797 979 1860 picis
999 1810 1143 1844 autem
1156 1833 1170 1855 ,
1201 1797 1397 1844 adustio:
1427 1815 1509 1854 ex-

232 1874 531 1936 perimentum
553 1887 666 1917 vero
685 1907 699 1929 ‚
722 1870 754 1916 fi
775 1869 1022 1934 fragmenta
1044 1869 1324 1930 subluceant,
1361 1888 1411 1917 ac
1430 1870 1513 1918 sub

230 1948 363 1992 dente
384 1943 626 1990 lentescant
655 1960 787 1990 acore
812 1941 1024 2004 jucundo.
1059 1943 1159 1989 Asia
1184 1944 1330 2005 picem
1350 1944 1510 1990 ldaeam

232 2018 425 2064 maxime
450 2018 610 2080 probat
623 2053 636 2073 ,
657 2015 835 2062 Graecia
862 2015 1076 2061 Piericam
1089 2051 1103 2072 ‚
1122 2015 1337 2078 Virgilius
1354 2016 1519 2078 Nary-.

233 2091 362 2137 ciam.
396 2089 724 2152 Diligentiores
758 2086 1000 2134 admiscent
1035 2087 1204 2149 nigram
1239 2087 1479 2134 mastichen
1495 2118 1519 2145 ‚v

233 2183 333 2228 quae
355 2164 402 2211 in
423 2164 574 2209 Ponto
598 2162 829 2209 bituminis
852 2161 1002 2208 fimilis
1022 2162 1244 2225 gignitum
1267 2164 1317 2209 δέ
1341 2162 1414 2209 iris
1442 2178 1512 2208 ra-

233 2238 404 2294 dicem,
441 2235 699 2297 oleumque.
731 2235 847 2280 Nam
882 2250 1026 2279 ceram
1058 2234 1376 2296 accipientibus
1400 2233 1513 2281 vafis

231 2322 518 2372 compertum
549 2308 609 2354 est
628 2309 734 2354 vina
761 2308 970 2354 acescere.
999 2307 1083 2353 Sed
1104 2306 1343 2354 transferre
1374 2307 1420 2352 in
1460 2323 1511 2353 ea

234 2382 336 2428 vasa
357 2418 368 2437 .,
389 2382 435 2427 in
457 2381 621 2445 quibus
640 2395 812 2427 acerum
833 2380 969 2426 fuerit
985 2417 996 2432 ,
1016 2381 1168 2426 utilius
1188 2417 1201 2437 ‚
1224 2397 1357 2443 quam
1374 2380 1419 2425 in
1443 2397 1511 2437 ea,

231 2454 280 2502 in
297 2455 460 2518 quibus
481 2454 607 2501 dulce
627 2468 700 2500 aut
722 2453 928 2501 mulsum.
963 2455 1081 2500 Cato
1100 2454 1254 2515 jubet,
1271 2454 1378 2502 vina
1397 2468 1512 2500 con-
