1653 2797
247 152 336 214 306
499 149 561 195 C.
609 148 877 194 PLINII
922 147 1297 196 SECUNDI

247 271 408 307 contra
443 255 639 306 medium
668 253 744 301 fiet
772 254 1016 301 hominem.
1052 256 1134 301 Per
1167 255 1521 318 hujus'mediam

242 331 574 394 longitudinem
604 327 707 375 duci
736 326 909 373 sarculo
938 327 1133 375 sulcum:
1175 328 1253 375 vel
1284 329 1431 376 cinere
1465 330 1521 377 li·

243 420 369 450 nea-m
386 438 400 460 ‚
419 400 548 448 verbi
573 399 710 464 gratia
723 433 739 458 ,
753 399 923 462 'pedum
944 400 1105 463 viginti
1125 401 1372 448 conveniet
1391 419 1402 448 :
1430 419 1522 448 me-

240 478 453 539 diamque
480 471 727 521 mensuram
743 507 757 530 ,
777 473 867 518 hoc
892 472 980 530 est,
1000 473 1047 519 in
1072 472 1250 520 decimo
1273 474 1412 537 pede,
1431 476 1523 522 cir-

247 548 488 598 cumscribi
519 546 691 594 circulo
718 562 862 608 parvo
882 580 896 604 ,
934 546 1013 609 qui
1047 560 1243 594 vocetur
1270 549 1524 599 umbilicus,

246 626 367 684 Quae
386 639 484 685 pars
507 620 642 667 fuerit
664 637 692 666 a
717 619 889 667 vertice
914 619 1085 665 umbrae
1100 655 1113 678 ,
1133 620 1229 668 haec
1254 621 1337 667 erit
1359 634 1525 670 ventus

244 694 632 760 septemtrionalis.
670 692 754 739 Illo
785 692 895 749 tibi,
922 703 1130 754 putator,
1150 694 1362 740 arborum
1381 694 1522 758 plagae

243 787 301 816 ne
320 768 514 832 spectent
530 802 544 824 ,
566 781 685 812 neve
712 763 887 810 arbusta
907 764 1115 811 vineaeve
1129 798 1144 822 ,
1165 765 1246 811 nifi
1264 765 1313 812 in
1334 767 1488 814 Africa
1507 802 1523 826 ,

242 841 468 906 Cyrenis,
494 840 713 902 AEgypto.
751 835 879 882 Illinc
909 834 1044 882 flante
1073 852 1129 881 ne
1157 847 1310 894 arato,
1331 853 1526 901 quaeque

242 917 330 962 alia
361 911 661 977 praecipimus.
698 911 816 969 Quae
843 925 941 972 pars
967 908 1097 955 lineae
1125 909 1257 956 suerit
1280 927 1306 956 a
1337 910 1526 973 pedibus

245 989 418 1036 umbrae
437 1021 451 1044 ‚
476 984 708 1031 meridiem
733 983 928 1045 spestans
945 1018 958 1041 ,
980 983 1077 1030 haec
1102 997 1289 1030 ventum
1311 983 1526 1030 Austrum

248 1060 388 1117 dabit,
409 1074 544 1121 quem
563 1073 589 1103 a
604 1054 777 1102 Graecis
793 1055 964 1100 Notum
985 1054 1179 1099 diximus
1198 1055 1372 1102 vocari.
1397 1054 1526 1102 Illinc

246 1131 354 1178 flatu
390 1129 632 1185 veniente,
666 1125 897 1172 materiam
931 1125 1200 1189 vineamque
1235 1128 1433 1191 agricola
1467 1145 1525 1174 ne

244 1205 413 1251 tractes.
438 1200 655 1248 Humidus
673 1210 747 1245 aut
766 1198 973 1246 :aestuosus
993 1200 1127 1246 Italiae
1151 1199 1225 1246 est.
1247 1200 1409 1248 Africae
1427 1202 1527 1264 qui-

246 1280 351 1325 dem
385 1276 591 1322 incendia
622 1289 722 1320 cum
757 1272 986 1319 serenitate
1004 1272 1142 1319 affert.
1167 1276 1216 1319 In
1247 1274 1371 1321 hunc
1391 1275 1526 1321 ltaliae

247 1351 451 1415 palmites
473 1349 669 1412 spectent
684 1383 699 1405 ,
727 1346 800 1393 sed
817 1364 914 1393 non
935 1347 1074 1412 plagae
1103 1348 1317 1395 arborum
1337 1349 1526 1396 vitium·—

247 1441 322 1471 ve.
360 1424 494 1469 Hunc
518 1420 684 1467 oliveti
705 1431 898 1466 metator
924 1420 1222 1483 Vergiliarum
1251 1422 1491 1484 quatriduo
1511 1458 1527 1482 ‚

249 1501 370 1545 hunc
387 1508 545 1544 caveat
567 1495 724 1541 infitor
744 1495 947 1552 calamis,
967 1495 1234 1559 gemmisque
1252 1495 1527 1545 inoculator.

249 1573 325 1619 De
344 1571 436 1633 ipsa
454 1568 655 1632 regionis
677 1560 773 1628 ejus
799 1568 910 1613 hora
932 1569 1244 1631 praemonuiffe
1265 1571 1527 1620 conveniet.

250 1641 473 1689 Frondem
509 1639 652 1685 media
687 1638 784 1696 die,
810 1638 1077 1697 arboreum,
1103 1657 1158 1685 ne
1187 1640 1362 1687 caedito.
1407 1643 1528 1689 Cum

252 1709 646 1760 meridiemadeffe
672 1708 856 1767 sentieS‚
887 1709 1063 1772 pastor,
1088 1710 1233 1757 aestate
1253 1712 1525 1759 contrahen-

252 1798 296 1832 te
317 1783 359 1831 se
382 1783 560 1840 umbra,
579 1781 798 1844 ‘pecudem
817 1795 842 1826 a
859 1781 1028 1827 selein
1052 1798 1195 1844 opaca
1211 1785 1382 1847 cogito.
1408 1785 1527 1831 Cum

251 1856 398 1903 aestate
424 1855 573 1919 pasces
586 1891 600 1912 ,
619 1855 665 1900 in
686 1854 968 1901 occidentem
987 1855 1131 1918 specle
1151 1867 1252 1901 ante
1272 1856 1529 1916 meridiem,

252 1929 354 1991 post
384 1928 614 1974 meridiem
650 1927 697 1972 in
726 1927 970 1973 orientem:
1003 1928 1129 1974 aliter
1168 1926 1387 1986 noxium,
1419 1928 1531 1975 ficut

252 2000 399 2046 hieme
426 2001 476 2046 &
495 2015 626 2057 vere,
645 1998 675 2043 fi
703 1997 750 2043 in
771 1999 1053 2046 rorulentum
1084 2000 1280 2046 duceres.
1317 2001 1387 2046 Ne
1413 2017 1530 2047 con-

253 2085 322 2120 tra
351 2071 715 2135 septemtrionem
741 2073 921 2133 paveris
948 2073 1076 2135 supra
1109 2072 1286 2119 dietum.
1325 2073 1530 2120 Clodunt

254 2145 349 2204 ita,
384 2144 639 2206 lippiuntve
674 2145 730 2190 ab
766 2145 944 2204 affiatu,
980 2149 1029 2192 &
1064 2146 1175 2192 alvo
1208 2145 1296 2192 cita
1323 2159 1529 2208 pereunt.

257 2217 353 2277 Qui
381 2215 567 2262 feminas
590 2216 775 2278 concipi
800 2217 930 2263 voles
945 2253 959 2276 ‚
987 2219 1034 2263 in
1052 2218 1171 2264 hunc
1192 2229 1382 2265 ventum
1402 2222 1527 2282 spec·-

255 2301 396 2336 tantes
417 2289 517 2334 iniri
544 2289 714 2351 cogito.
997 2292 1012 2309 ⁰

321 2362 547 2408 LXXVII.
582 2377 617 2405 1.
649 2361 864 2409 Diximus
898 2373 947 2407 ut
985 2360 1032 2406 in
1064 2360 1208 2408 media
1242 2361 1358 2408 linea
1389 2358 1527 2423 defig-

262 2449 440 2482 naretur
480 2434 731 2490 umbilicus.
775 2436 858 2481 Per
897 2435 1029 2499 hunc
1050 2435 1245 2482 medium
1284 2432 1526 2481 transversa
