1653 2797
199 174 261 219 94
455 153 804 200 C.PL1N11
854 153 1229 202 SECUNDI

197 263 342 311 statim
373 262 428 309 ab
456 262 605 309 radice
638 260 838 320 modici,
866 261 995 309 velut
1024 261 1208 309 brachia
1225 296 1240 320 ,
1269 262 1478 312 lateribus

196 337 431 384 inhaerent.
469 336 680 382 Similiter
705 335 867 393 abieti,
886 333 1093 397 expetitae
1125 333 1328 398 navigiis.
1364 337 1479 384 Situs

197 410 244 456 in
264 407 439 456 excelso
460 409 685 455 montium
700 444 713 467 ,
740 424 822 455 ceu
843 407 978 454 maria
1003 407 1197 470 fugeret:
1227 426 1311 456 nec
1331 408 1477 457 forma

196 482 294 529 alia.
331 483 541 528 Materies
563 498 678 529 vero
706 480 930 544 praecipua
953 481 1151 527 trabibus
1166 517 1179 539 ,
1202 483 1250 528 &
1276 482 1479 544 plurimis

197 556 307 603 vitae
333 557 560 619 operibus.
589 556 750 603 Refina
769 555 810 601 ei
831 554 993 601 vitium
1010 571 1019 602 ε
1039 555 1159 601 unde
1178 554 1344 602 fruelus
1364 572 1479 603 unus

197 631 366 694 piceae:
401 630 702 694 exiguumque
732 628 856 674 sudat
882 627 1124 691 aliquando
1154 630 1362 676 contactu
1392 630 1478 676 So-

196 706 264 752 lis.
296 707 332 751 E
366 703 545 751 diverso
579 702 814 759 materies,
845 718 945 765 quae
981 701 1115 747 abieti
1148 700 1479 764 pulcherrima,

193 779 336 842 piceae
356 777 410 824 ad
428 776 574 824 fiffiles
600 774 856 832 scandulas,
886 774 1133 837 cupasque,
1160 776 1210 821 ὃς
1233 792 1375 838 pauca
1394 775 1480 823 alia

196 851 460 898 lecantenta.

277 925 401 971 XIX.
455 920 635 981 Quinto
672 920 822 983 generi
874 919 979 967 situs
1022 918 1172 978 idem,
1214 918 1370 965 eadem
1410 916 1479 965 fa·-

198 998 314 1043 cies:
359 994 469 1041 larix
498 1005 706 1041 vocatur.
745 992 952 1039 Materies
986 991 1268 1055 praestantior
1307 991 1476 1055 longe,

195 1071 458 1132 incorrupta
501 1067 602 1125 vis,
645 1066 764 1113 mori
799 1081 1075 1113 contumax:
1119 1066 1283 1114 rubens
1314 1077 1480 1129 praete-

196 1160 289 1201 rea,
320 1145 368 1189 ὃς
400 1141 544 1188 odore
578 1139 738 1185 acrior.
771 1137 1025 1184 Plusculum
1057 1137 1162 1184 huic
1196 1138 1391 1200 erumpit
1422 1137 1478 1182 li·-

195 1214 376 1279 quoris,
414 1212 577 1260 melleo
612 1210 801 1269 colore,
829 1222 961 1274 atque
988 1209 1209 1269 lentior‘e,
1249 1226 1479 1272 nunquam

196 1287 479 1335 durescentis.

259 1364 446 1409 Sextum
474 1375 612 1425 genus
646 1357 708 1405 est
736 1357 836 1405 teda
866 1356 1050 1421 proprie
1078 1355 1190 1403 dicla
1207 1391 1221 1415 ,
1245 1356 1477 1404 abundan-

196 1437 287 1483 tior
322 1436 454 1482 succo
494 1451 625 1497 quam
664 1432 864 1494 reliqua,
899 1431 1107 1494 parciore
1147 1430 1478 1496 liquidior-eque

197 1528 329 1574 quam
355 1510 399 1554 in
418 1509 568 1571 picea:
599 1504 787 1553 flammis
812 1523 862 1553 ac
899 1505 1060 1552 lumini
1095 1504 1324 1552 sacrorum
1344 1507 1478 1552 etiam

195 1596 330 1647 grata.
367 1583 477 1640 Hae,
497 1597 640 1627 mares
669 1580 924 1637 dumtaxat,
951 1578 1101 1625 ferunt
1127 1579 1176 1624 &
1200 1580 1298 1625 'eam
1310 1615 1331 1640 ,Ι
1343 1596 1479 1641 quam

196 1657 347 1704 Graeci
389 1655 528 1720 sycen
569 1664 769 1711 vocant,
803 1651 958 1699 odoris
1002 1650 1260 1716 graviffimi.
1309 1651 1477 1699 Laricis

196 1732 378 1777 morbus
410 1727 501 1786 est,
531 1739 580 1773 ut
613 1726 714 1774 teda
744 1723 834 1773 fiat.

261 1799 428 1848 Omnia
452 1811 601 1845 autem
630 1799 725 1845 haec
758 1815 921 1862 genera
950 1797 1131 1845 accensa
1150 1835 1163 1857 ,
1184 1797 1371 1861 fuligine
1390 1796 1476 1842 im-

194 1874 376 1921 modica
393 1909 407 1932 ,
430 1872 672 1919 carbonem
690 1883 871 1935 repente
889 1871 1112 1934 exspuunt
1130 1888 1236 1918 cum
1269 1869 1476 1933 eruptio-

194 1947 263 1992 nis
294 1944 498 2008 crepitu,
526 1943 889 2007 ejaculanturque
919 1943 1077 2006 longe:
1109 1953 1298 2005 excepta
1317 1940 1474 1997 larice,

195 2038 296 2082 quae
317 2037 400 2066 nec
424 2020 570 2078 ardet,
592 2035 674 2066 nec
700 2018 940 2066 carbonem
959 2016 1065 2064 facit
1081 2052 1094 2075 ,
1116 2032 1198 2063 nec
1219 2016 1309 2062 alio
1333 2015 1475 2061 modo

195 2093 307 2156 ignis
330 2093 378 2139 vi
412 2091 713 2150 consumitur,
741 2109 872 2157 quam
892 2091 1068 2155 lapides.
1089 2088 1258 2136 Omnia
1288 2106 1339 2135 ea
1369 2104 1473 2151 per-

195 2178 333 2230 petuo
362 2165 544 2223 virent,
577 2183 661 2213 nec
697 2165 824 2213 facile
856 2164 1167 2212 discernuntur
1198 2161 1244 2208 in
1280 2162 1473 2221 fronde,

196 2240 328 2286 etiam
360 2256 384 2285 a
413 2237 565 2301 peritis
599 2255 609 2285 ε
643 2249 762 2284 tanta
789 2237 1003 2284 natalium
1037 2236 1230 2281 mixtura
1267 2234 1343 2282 est.
1389 2233 1472 2282 Sed

196 2313 321 2375 picea
352 2312 498 2358 minus
528 2312 614 2358 alta
643 2328 776 2375 quam
807 2310 934 2357 larix.
970 2308 1047 2356 Illa
1075 2308 1284 2367 craffior,
1303 2307 1472 2354 levior-

196 2403 281 2448 que
304 2385 500 2443 cortice,
531 2383 645 2430 folio
675 2382 882 2430 villosior
898 2419 911 2441 ‚
933 2382 1173 2445 pinguior,
1195 2382 1244 2429 &
1264 2378 1470 2437 densior,

196 2458 471 2523 molliorque
496 2457 629 2505 flexu.
666 2456 724 2502 At
746 2456 887 2519 piceae
907 2455 1078 2503 rariora
1100 2454 1374 2517 siccioraque
1395 2449 1470 2499 fo-
