1653 2797
199 152 261 211 34
457 146 1204 197 C.PL1N118ECUND1

199 259 312 307 mari
343 258 483 322 pisces
517 256 635 305 circa
660 257 834 321 tuguria
860 268 1095 304 venantur.
1128 255 1239 301 Non
1264 252 1481 317 pecudem

197 332 267 379 his
293 332 455 378 habere
472 367 486 389 ‚
507 345 604 376 non
624 329 732 377 lacte
756 326 840 387 ali,
870 341 922 375 ut
950 327 1151 374 finitimis
1170 362 1185 386 ,
1215 343 1271 373 ne
1295 339 1398 374 cum
1418 325 1484 372 fe·-
1511 388 1516 392 ·

199 405 260 451 ris
294 404 476 467 quidem
494 402 706 449 dimicare
733 398 955 465 contigit,
989 401 1117 447 omni
1146 399 1308 463 procul
1325 398 1482 445 abacto

200 477 376 524 frutice.
416 476 539 523 Ulva
580 475 632 522 &
661 475 843 538 palustri
871 472 1013 537 junco
1055 473 1181 521 funes
1220 472 1401 518 nefitunt
1429 471 1484 517 ad

201 549 490 613 praetexenda
518 548 710 612 piscibus
735 548 867 595 retia:
893 559 1164 611 captumque
1186 545 1388 593 manibus
1411 545 1483 591 lu-

201 638 299 671 tum
323 623 472 671 ventis
503 623 643 687 magis
661 660 676 682 ‚
707 640 843 687 quam
869 621 973 670 Sole
1003 622 1240 670 siccantes:
1272 634 1387 668 terra
1416 620 1485 667 ci-

199 697 311 753 bos,
346 697 396 742 &
432 695 624 759 rigentia
651 694 969 757 septemtrione
1001 694 1174 741 viscera
1218 693 1292 739 sua
1330 704 1485 739 urunt.
1554 746 1559 753 N

199 771 341 817 Potus
364 785 460 815 non
491 767 572 814 nifi
606 785 662 814 ex
698 767 839 813 imbre
867 767 1045 815 servato
1074 765 1305 812 scrobibus
1330 764 1377 811 in
1398 781 1483 811 ve-

200 842 368 890 stibulo
408 842 583 888 domus.
614 843 670 886 Et
705 840 775 886 hae
810 853 990 904 gentes,
1012 841 1044 886 fi
1073 839 1317 887 vincantur
1346 837 1482 884 hodie

201 932 229 961 a
253 913 433 976 Populo
460 913 699 968 Romano,
722 911 886 959 servire
919 910 960 958 se
987 912 1156 959 dicunt.
1187 913 1252 958 lta
1278 909 1340 957 est
1375 927 1485 974 pro-

204 987 349 1034 fecto:
381 984 539 1033 Multis
568 984 751 1031 fortuna
769 985 912 1047 parcit
942 985 989 1030 in
1019 1002 1217 1047 poenam.

280 1061 331 1105 ΙΙ.
368 1055 506 1103 Aliud
545 1073 569 1103 e
602 1056 724 1104 silvis
753 1057 1052 1104 miraculum:
1094 1068 1237 1102 totam
1266 1054 1486 1120 reliquam

203 1129 498 1180 Germaniam
530 1129 738 1192 replent,
776 1128 1035 1192 adduntque
1077 1126 1234 1190 frigori
1275 1127 1485 1174 umbras:

203 1204 423 1252 altiffimae
451 1218 603 1249 tamen
631 1201 746 1248 haud
777 1202 940 1263 procul
971 1199 1102 1263 supra
1124 1200 1248 1248 dietis
1265 1199 1487 1258 Chaucis,

203 1277 326 1325 circa
360 1276 475 1323 duos
513 1274 738 1338 praecipue
781 1274 913 1321 lacus.
956 1274 1110 1319 Litora
1147 1272 1238 1336 ipsa
1278 1272 1489 1320 obtinent

206 1364 432 1413 quercus,
462 1347 658 1394 maxima
687 1346 902 1394 aviditate
940 1345 1172 1392 nascendi:
1211 1344 1489 1409 fitffoffaeque

207 1422 444 1479 fluctibus,
473 1436 549 1467 aut
576 1421 802 1484 propulsae
837 1420 1043 1479 flatibus,
1072 1419 1216 1468 vastas
1244 1420 1489 1482 complexu

207 1496 413 1543 :radicum
436 1492 595 1541 insulas
623 1494 772 1542 secum
802 1493 1036 1540 auferunt:
1071 1509 1204 1557 atque
1231 1494 1291 1540 ita
1318 1492 1488 1540 libratae.

209 1566 373 1613 stantes
399 1566 611 1629 navigant
644 1567 891 1630 ingentium
919 1582 1148 1612 ramorum
1174 1566 1454 1611 armamentis
1473 1601 1487 1623 ,

207 1639 323 1701 saepe
347 1638 509 1684 territis
539 1638 738 1685 claffibus
773 1638 961 1697 nostris,
992 1655 1096 1684 cum
1123 1637 1250 1683 velut
1276 1636 1489 1685 industria

206 1711 415 1758 fluctibus
445 1723 677 1775 agerentur
698 1712 743 1757 in
771 1703 927 1774 proras
958 1710 1164 1757 stantium
1195 1710 1359 1767 noctu,
1387 1709 1489 1756 ino·

208 1785 373 1849 pesque
407 1785 591 1832 remedii
617 1786 704 1833 illae
723 1822 738 1844 ,
766 1786 980 1849 proelium
1004 1785 1163 1832 navale
1181 1783 1393 1832 adversus
1422 1802 1490 1831 ar-

209 1861 344 1906 bores
372 1859 550 1907 inirent.

281 1927 331 1970 In
366 1924 519 1970 eadem
555 1923 903 1987 septemtrionali
937 1923 1064 1988 plaga
1089 1922 1334 1987 Hercyniae
1365 1921 1488 1970 silvae

213 1997 434 2044 roborum
461 1996 640 2044 vastitas
665 1996 824 2043 intacta
851 1997 990 2054 aevis,
1016 1998 1066 2045 δε
1089 1996 1330 2060 congenita
1354 2013 1487 2042 mun-

209 2070 307 2128 do,
346 2085 490 2132 prope
523 2068 762 2115 immortali
802 2067 921 2115 sorte
949 2067 1160 2116 miracula
1195 2067 1384 2117 excedit.
1426 2070 1489 2116 Ut

211 2143 296 2191 alia
329 2142 595 2188 omittantur
624 2141 712 2188 fide
733 2141 948 2188 caritura:
987 2139 1159 2188 constat
1183 2140 1331 2186 attolli
1350 2140 1488 2188 colles

211 2215 547 2264 occursantium
574 2216 690 2262 inter
723 2215 764 2261 se
793 2215 993 2262 radicum
1012 2214 1287 2276 repercussu:
1317 2225 1391 2260 aut
1410 2213 1488 2260 ubi

210 2289 364 2336 i'ecuta
386 2288 529 2347 ltellus
568 2305 665 2333 non
699 2286 751 2333 fit
773 2323 785 2346 ,
818 2304 943 2333 arcus
978 2287 1033 2332 ad
1068 2303 1216 2334 ramos
1243 2285 1401 2350 usque,
1439 2288 1488 2332 δε

211 2362 332 2425 ipsos
365 2362 480 2408 inter
516 2361 557 2407 se
584 2361 780 2407 rixantes
801 2397 814 2418 ‚
847 2360 1029 2408 curvari
1066 2375 1296 2422 portarum
1328 2370 1487 2422 paten-

213 2435 324 2483 tium
343 2435 509 2495 modo,
529 2446 578 2482 ut
595 2446 761 2481 turmas
789 2433 989 2498 equitum
1007 2431 1332 2483 transmittant:
1362 2431 1485 2495 glazi·
