1653 2797
262 127 551 176 NATUR.
583 124 1056 172 HISTORLIB.
1090 125 1250 172 x1V.
1294 106 1306 118 ⁸
1347 139 1415 186 32

133 237 214 285 bus
230 237 366 284 Canis
395 249 502 283 ortu
527 235 573 280 in
595 233 698 279 Sole
717 232 898 279 habent.
923 233 1014 279 Alii
1036 231 1191 280 diffusa
1209 232 1271 280 ita
1290 231 1412 279 deci-

135 328 214 357 mo
237 311 306 357 die
326 310 552 356 obturant.
585 307 689 352 Hoc
708 320 905 352 vocatur
935 307 1216 369 hydromeli,
1248 307 1299 354 &
1326 322 1412 353 ve-

136 382 295 428 tustate
315 380 520 443 saporem
537 376 637 424 vini
657 376 917 441 assequitur,
938 377 1154 441 nusquam
1173 377 1415 438 laudatius,

135 471 270 518 quam
298 452 346 497 in
363 449 575 514 Phrygia.

199 525 324 571 XXI.
342 522 470 582 Quin
486 523 539 567 &
556 537 732 567 acetum
755 519 891 566 melle
914 520 1268 583 temperabatur:
1301 521 1417 568 adeo

137 594 248 642 nihil
277 594 548 640 intentatum
569 592 679 640 vitae
699 591 797 639 fuit.
822 592 1044 656 Oxymeli
1060 592 1150 640 hoc
1167 608 1418 653 vocarunt,

137 668 280 716 mellis
298 668 452 715 decem
470 667 592 715 libris
604 704 621 729 ,
648 668 760 715 aceti
779 667 944 715 veteris
959 667 1153 715 heminis
1184 669 1384 733 quinque
1402 705 1418 727 ‚

137 742 236 790 salis
268 741 428 789 marini
459 741 596 800 libra,
627 758 754 805 aquae
784 740 954 804 pluviae
990 739 1188 788 sextariis
1220 741 1421 806 quinque

139 815 456 863 suffervefaffis
477 815 645 874 decies,
666 832 778 862 mox
801 815 1042 873 elutriatis,
1056 828 1191 879 atque
1207 816 1268 863 ita
1285 817 1420 865 inve—

141 892 304 938 teratis.
328 891 498 937 Omnia
517 891 572 937 ab
593 890 867 938 Themisone
889 890 1065 936 summo
1084 891 1265 937 au&ore
1294 890 1422 936 dam-

142 980 269 1012 nata:
295 965 346 1011 &
362 963 543 1011 hercule
562 964 741 1011 coastus
771 981 931 1011 eorum
953 963 1058 1010 usus
1074 963 1219 1010 videri
1240 963 1388 1026 potest
1407 981 1423 1021 ;

143 1039 223 1089 nifi
249 1039 282 1085 fi
307 1038 406 1103 quis
434 1050 607 1085 naturae
637 1047 754 1102 opus
780 1037 864 1085 effe
881 1038 1020 1088 credit
1046 1039 1340 1097 aromatiten,
1375 1041 1427 1086 &

143 1130 198 1159 ex
218 1111 458 1177 unguentis
478 1112 587 1159 vina
606 1111 856 1175 composita
868 1147 881 1169 ‚
912 1127 986 1158 aut
1003 1127 1053 1159 ut
1070 1111 1330 1159 biberentur
1347 1127 1427 1175 ge—

145 1186 281 1233 nuifl'e
299 1202 396 1232 eam
412 1185 608 1233 frutices.
623 1185 706 1231 Ista
723 1185 825 1231 sunt
844 1186 1033 1249 cognitu
1051 1185 1266 1244 iucunda,
1286 1184 1428 1231 soler-

147 1262 209 1308 tia
228 1259 414 1307 humani
442 1259 581 1306 animi
602 1259 756 1305 omnia
783 1259 1062 1322 exquirente.
1087 1258 1213 1304 Nihil
1248 1259 1431 1322 quidem

147 1351 204 1380 ex
226 1332 293 1380 his
312 1348 433 1379 anno
453 1331 610 1379 durare
625 1367 639 1389 ‚
657 1346 956 1395 praeterquam
977 1349 1078 1395 quae
1096 1330 1316 1378 vetustate
1337 1331 1431 1393 ipsa

147 1405 242 1454 fieri
269 1405 462 1453 diximus
485 1424 495 1452 :
522 1407 573 1453 &
594 1404 723 1469 plura
755 1422 812 1452 ne
837 1405 1017 1453 tricenis
1044 1405 1227 1470 quidem
1246 1405 1398 1453 diebus
1415 1441 1432 1466 ,

149 1497 245 1527 non
269 1480 352 1527 erit
372 1480 572 1528 dubium.

214 1555 359 1601 XXII.
379 1554 489 1599 Sunt
509 1555 558 1600 δε
581 1552 628 1598 in
647 1552 762 1600 vino
782 1552 999 1617 prodigia.
1020 1552 1203 1600 Dicitur
1228 1550 1274 1597 in
1294 1552 1435 1599 Arca-

151 1625 223 1674 dia
240 1624 336 1672 fieri
346 1661 360 1685 ,
374 1625 500 1690 quod
513 1625 854 1673 foecunditatem
875 1625 1050 1672 feminis
1071 1625 1285 1689 importet
1297 1658 1310 1684 ,
1325 1625 1437 1675 viris

152 1699 334 1747 rabiem.
355 1701 413 1746 At
433 1699 481 1745 in
499 1698 669 1761 Achaja
688 1699 881 1745 maxime
912 1698 1028 1747 circa
1049 1698 1297 1765 Caryniam
1318 1698 1438 1763 abigi

153 1787 330 1835 partum
362 1771 475 1820 vino
493 1807 506 1829 ,
530 1787 664 1835 atque
691 1771 859 1818 etiamfi
888 1789 1027 1819 uvam
1053 1772 1185 1819 edant
1208 1771 1404 1836 gravidae
1423 1805 1439 1827 ,

156 1862 260 1893 cum
286 1845 530 1892 differentia
551 1845 597 1891 in
627 1844 801 1912 gustatu
824 1862 919 1891 non
948 1845 1015 1892 fit.
1049 1845 1344 1892 Troezenium
1363 1844 1438 1891 vi-

160 1935 268 1965 num
293 1919 370 1983 qui
398 1918 588 1977 bibunt,
618 1934 838 1983 negantur
873 1935 1096 1983 generare.
1143 1917 1314 1967 Thasos
1347 1917 1443 1964 duo

160 2007 322 2056 genera
339 1990 437 2038 vini
455 1991 629 2038 diversa
644 1990 788 2039 facere
805 1992 1031 2055 proditur:
1050 2010 1197 2045 unum¹
1212 2009 1305 2056 quo
1324 1990 1444 2037 som«

162 2081 246 2112 nus
272 2064 568 2123 concilietur,
603 2065 791 2114 alterum
822 2082 936 2114 vero
968 2083 1060 2131 quo
1086 2066 1280 2130 fugetur.
1311 2064 1444 2129 Apud

161 2137 342 2185 eosdem
368 2138 475 2185 vitis
507 2137 701 2186 theriace
732 2152 953 2198 vocatur,
980 2138 1107 2201 cujus
1139 2141 1191 2187 &
1211 2139 1373 2187 vinum
1393 2139 1443 2185 &

163 2227 255 2258 uva
273 2222 433 2257 contra
448 2209 720 2275 serpentium
739 2210 850 2259 iiius
869 2212 1085 2259 medetur.
1104 2211 1318 2258 Libanios
1337 2211 1443 2256 thu-

164 2282 224 2329 ris
246 2282 389 2329 odore
402 2304 421 2341 ·‚
448 2299 503 2329 ex
523 2300 611 2347 qua
630 2284 732 2331 Diis
755 2283 996 2347 prolibant.
1020 2286 1055 2330 E
1073 2283 1254 2331 diverso
1284 2282 1444 2345 aspen-

165 2355 264 2402 dios
282 2392 296 2414 ,
316 2355 522 2409 damnata
538 2356 637 2403 aris.
665 2359 831 2404 Ferunt
850 2374 947 2404 eam
967 2374 1050 2404 nec
1069 2356 1124 2402 ab
1144 2355 1248 2402 alite
1267 2354 1359 2401 ulla
1375 2370 1444 2401 at-

163 2427 292 2493 tingi.
309 2428 515 2490 Thasiam
538 2445 676 2487 uvam
694 2430 920 2495 AEgyptus
948 2441 1087 2483 vocat
1119 2428 1238 2493 apud
1257 2426 1300 2477 se
1327 2444 1443 2492 prae-
