1653 2797
221 180 310 227 282
503 178 1246 233 C.PLINIISECUND1

217 287 363 334 aestate
393 297 517 344 tota,
545 285 689 332 hieme
717 286 929 349 pauciora
946 321 961 344 ,
990 302 1086 332 non
1106 298 1254 336 tamen
1272 286 1385 335 infra
1402 304 1490 336 no-

216 378 348 407 vena.
379 360 673 407 Democritus
694 360 828 406 talem
864 359 1059 406 futuram
1095 360 1286 407 hiemem
1308 360 1490 407 arbitra-

215 445 311 491 tur,
335 434 474 496 qualis
498 432 631 480 fuerit
668 433 838 479 brumae
857 432 976 490 dies,
1004 436 1054 480 &
1077 433 1196 481 circa
1226 451 1329 480 eum
1347 434 1490 482 terni:

214 506 324 552 item
350 505 538 552 solstitio
565 505 772 552 aestatem.
809 505 940 552 Circa
968 507 1170 553 brumam
1186 506 1404 570 plerisque
1424 506 1494 554 bis

215 579 405 641 septem,
424 579 705 643 halcyonum
720 578 913 634 foetura,
929 591 1172 629 ventorum
1191 580 1365 644 quiete,
1377 579 1492 626 mol-v

215 652 301 698 lius
333 652 522 699 caelum:
555 651 629 698 sed
661 654 711 699 ὃς
743 652 790 697 in
821 651 890 697 his
915 652 964 698 &
992 652 1039 697 in
1069 652 1164 699 aliis
1198 653 1411 700 omnibus
1435 669 1494 699 ex

214 742 384 772 eventu
417 725 791 790 significationum
831 724 1019 787 intelligi
1060 724 1199 771 fidera
1233 725 1496 784 debebunt,

217 814 314 842 non
343 799 398 844 ad
425 799 516 843 dies
546 798 700 859 utique
728 794 979 859 praefinitos
1003 795 1247 859 exspectari
1262 796 1496 860 tempesta-

215 882 312 916 tum
340 870 618 916 vadimonia.

280 945 436 990 LXIII.
467 945 549 989 Per
576 944 778 990 brumam
799 944 942 991 vitem
971 961 1028 990 ne
1055 943 1213 991 colito,
1255 943 1373 990 Vina
1400 953 1499 992 tum

216 1017 422 1064 defaecari
443 1053 458 1075 ‚
497 1018 573 1064 vel
613 1017 745 1063 etiam
778 1017 971 1063 diffundi
1004 1018 1214 1081 Hyginus
1253 1016 1438 1076 suadet,
1474 1034 1500 1064 a

217 1088 423 1134 confecta
456 1105 506 1135 ea
536 1088 726 1152 septimo
760 1089 829 1136 die
851 1127 866 1147 ‚
907 1090 1064 1153 utique
1098 1089 1130 1135 s1
1154 1089 1339 1151 septima
1373 1090 1498 1135 Luna

217 1172 459 1223 competat.
491 1161 651 1208 Cerasa
672 1162 790 1208 circa
816 1162 1022 1208 brumam
1051 1160 1148 1207 seri.
1184 1161 1335 1207 Bubus
1372 1160 1497 1224 glan-

217 1234 319 1280 dem
339 1246 448 1281 tunc
469 1234 636 1298 aspergi
667 1235 888 1282 convenit
913 1235 959 1280 in
980 1234 1084 1298 juga
1116 1233 1286 1298 fingula
1303 1231 1500 1280 modios.

217 1308 408 1370 Largior
435 1308 743 1355 valetudinem
772 1308 970 1366 infestat,
1004 1310 1055 1355 &
1081 1324 1358 1371 quocunque
1382 1318 1500 1354 tem—

218 1396 333 1441 pore
363 1381 521 1438 detur,
552 1380 584 1426 si
613 1381 760 1427 minus
797 1395 910 1427 XXX
945 1381 1101 1427 diebus
1137 1378 1367 1427 continuis
1403 1379 1502 1424 data

220 1450 273 1495 fit
294 1486 307 1507 ‚
339 1464 521 1498 narrant
554 1470 696 1499 verna
728 1453 872 1501 scabie
907 1452 1142 1515 poenitere.
1176 1451 1378 1498 Materiei
1411 1467 1501 1496 cae·

221 1523 377 1569 dendae
414 1537 592 1588 tempus
624 1528 716 1573 hoc
749 1527 964 1572 dedimus.
1004 1526 1193 1588 Reliqua
1223 1542 1362 1588 opera
1385 1541 1501 1572 noc—

221 1606 352 1641 turna
383 1598 575 1643 maxime
607 1598 765 1661 vigilia
805 1597 1011 1644 constant
1031 1634 1047 1655 ‚
1084 1616 1186 1645 cum
1225 1598 1311 1644 fint
1345 1598 1502 1644 noctes

223 1679 349 1714 tanto
377 1669 630 1731 ampliores.
669 1669 872 1729 Qualos,
908 1681 1078 1726 crates,
1108 1668 1282 1717 fiscinas
1317 1680 1499 1714 texere:

223 1742 341 1788 faces
383 1743 613 1789 incidere:
648 1743 807 1790 ridicas
839 1760 1085 1806 praeparare
1120 1743 1313 1789 interdiu
1354 1756 1502 1801 XXX,

224 1816 354 1879 palos
390 1830 471 1862 LX.
525 1819 575 1864 In
607 1817 923 1863 lucubratione
959 1815 1213 1879 vespertina
1245 1815 1406 1864 ridicas
1439 1831 1504 1870 v,

227 1888 354 1950 palos
375 1902 440 1945 X,
469 1889 662 1935 totidem
689 1889 965 1935 antelucana,

291 1962 451 2007 LXIV.
485 1964 520 2006 A
556 1961 714 2007 bruma
753 1961 800 2006 in
845 1960 1101 2007 Favonium
1133 1957 1298 2006 Caesari
1332 1959 1506 2007 nobilia

227 2031 366 2078 fidera
388 2032 659 2097 fignificant‚
695 2033 830 2080 tertio
857 2032 1082 2081 Kalendas
1101 2031 1293 2079 Ianuarii
1321 2031 1505 2078 matuti-

229 2120 292 2149 no
315 2106 450 2151 Canis
471 2107 697 2153 occidens.
731 2108 842 2166 Quo
867 2105 937 2151 die
956 2105 1116 2151 Atticae
1143 2106 1192 2151 &
1212 2102 1412 2150 finitimis
1437 2119 1504 2149 re·

230 2176 441 2238 gionibus
474 2178 636 2239 Aquila
665 2176 840 2239 vesperi
875 2177 1084 2223 occidere
1120 2175 1325 2222 traditur.
1356 2174 1504 2220 Pridie

233 2247 389 2293 Nonas
425 2248 614 2294 Januarii
651 2248 814 2294 Caesari
849 2248 1105 2310 Delphinus
1139 2247 1364 2293 matutino
1393 2261 1504 2291 exo-

232 2318 349 2365 ritur
366 2355 380 2378 ‚
408 2321 457 2368 &
485 2320 666 2382 postero
701 2322 773 2367 die
801 2321 1022 2378 Fidicula,
1062 2337 1154 2383 quo
1190 2321 1393 2382 AEgypto
1422 2319 1501 2364 Sa·

232 2391 342 2454 gitta
361 2393 533 2455 vesperi
557 2394 739 2441 occidit.
773 2397 881 2440 Item
902 2395 956 2439 ad
977 2409 1031 2440 v}
1055 2393 1156 2440 Idus
1174 2392 1367 2440 Januarii
1392 2390 1504 2452 ejus-

234 2464 335 2510 dem
362 2466 581 2528 Delphini
603 2466 863 2529 vespertino
882 2466 1044 2515 occasu
1072 2466 1280 2513 continui
1295 2465 1385 2535 dies
1409 2464 1503 2511 hie-
