1653 2797
251 145 530 192 NATUR.
570 144 873 191 HISTOR.
908 145 1031 192 LIB.
1064 143 1184 190 XX.
1284 160 1372 208 395

106 252 211 298 Post
237 269 338 299 eum
364 268 596 298 numerum
622 251 792 299 dierum
819 252 996 300 tollitur
1014 268 1094 300 vas
1109 288 1122 310 ,
1143 249 1262 299 scilla
1279 252 1377 297 exi-

106 325 243 371 mitur
260 361 274 383 ‚
301 336 474 372 acetum
504 322 838 372 transfunditur.
873 326 975 371 Hoc
1004 325 1240 372 clariorem
1264 342 1378 372 ocu-

107 397 255 444 lorum
277 398 418 444 aciem
446 395 567 445 facit.
602 394 797 442 Salutare
830 395 891 442 est
922 396 1136 444 stomachi
1167 397 1378 446 laterum-

105 485 194 531 que
226 467 459 514 doloribtls
478 504 492 526 ,
530 484 684 531 parum
724 466 913 513 sumtum
946 468 1059 514 binis
1093 469 1260 516 diebus.
1295 469 1382 516 Sed

105 553 229 587 tanta
258 541 331 587 vis*
357 541 419 586 est
436 577 449 598 ,
477 553 526 588 ut
553 540 728 587 avidius
745 540 947 587 haustum
976 540 1197 586 exstinElae
1221 542 1381 588 animat

106 625 342 660 momento
364 613 519 676 aliquo
545 613 736 676 speciem
755 612 963 675 praebeat.
993 611 1177 657 Prodest
1198 614 1249 660 &
1277 614 1381 676 gin-

105 685 251 750 givis,
273 688 323 733 &
349 686 584 745 dentibus,
605 686 680 733 vel
706 702 785 748 per
810 685 852 731 se
880 685 1262 733 commanducata.
1300 685 1382 732 Ti-

105 776 210 810 neas
230 760 281 806 δε
309 758 480 821 reliqua
508 759 677 806 ventris
707 757 913 804 animalia
940 755 1065 819 pellit
1091 773 1147 802 ex
1176 768 1304 803 aceto
1330 758 1382 803 &

107 831 238 878 melle
257 830 409 878 sumta.
448 832 628 895 Linguae
656 848 840 895 quoque
871 846 1026 877 recens
1043 828 1234 891 subje&a
1262 847 1382 893 prae—

107 903 212 962 stat,
240 919 298 949 ne
325 903 572 967 hydropici
600 903 760 950 fitiant.
789 901 1015 966 Coquitur
1047 902 1247 968 pluribus
1277 919 1383 948 mo-

108 978 198 1023 dis:
230 977 277 1023 in
298 978 412 1036 olla,
437 995 538 1040 quae
560 978 826 1040 conjiciatur
848 978 896 1024 in
922 978 1145 1024 clibanum
1179 988 1254 1023 aut
1284 976 1382 1024 fur-

108 1067 214 1098 num
227 1085 242 1108 ‚
261 1049 336 1096 vel
360 1049 487 1113 adipe
505 1061 580 1096 aut
603 1049 700 1096 luto
730 1047 841 1096 illita
858 1086 872 1107 ,
897 1061 974 1096 aut
991 1048 1209 1095 frustatim
1238 1048 1286 1094 in
1306 1066 1382 1111 pa-

107 1121 227 1168 tinis.
274 1123 330 1168 Et
365 1121 499 1168 cruda
538 1121 752 1180 siccatur,
786 1120 945 1168 deinde
979 1120 1260 1185 conciditur,
1299 1136 1383 1167 co·-

106 1193 350 1256 quiturque
377 1194 423 1239 in
452 1206 580 1239 aceto
597 1229 611 1251 ,
639 1204 733 1240 tum
753 1193 1023 1257 serpentium
1052 1194 1208 1240 iffibus
1234 1194 1385 1256 impo-

109 1266 243 1312 nitur.
273 1265 411 1314 Tosta
431 1283 612 1331 quoque
631 1279 844 1331 purgatur
857 1305 870 1325 ,
901 1269 952 1317 &
975 1268 1168 1313 medium
1186 1265 1279 1329 ejus
1299 1267 1385 1313 ite-

108 1357 207 1385 rum
232 1340 279 1386 in
299 1356 415 1404 aqua
438 1341 664 1403 coquitur.
698 1340 810 1387 Usus
830 1341 888 1388 fic
919 1342 1057 1389 coftae
1077 1340 1132 1386 ad
1157 1339 1385 1404 hydropi-

110 1429 219 1471 cos,
245 1413 298 1458 ad
331 1413 505 1459 urinam
541 1413 744 1459 ciendam
779 1414 917 1460 tribus
947 1412 1096 1460 obolis
1126 1430 1227 1461 cum
1253 1411 1385 1458 melle

109 1487 159 1531 &
181 1497 310 1531 aceto
331 1497 466 1546 potae.
498 1488 606 1531 Item
628 1485 683 1531 ad
714 1485 933 1548 splenicos
950 1521 964 1541 ‚
984 1487 1033 1531 &
1054 1482 1352 1530 stomachicos
1367 1519 1384 1541 ‚

111 1556 173 1620 (fi
200 1572 295 1601 non
327 1556 516 1603 sentiant
536 1556 725 1620 hulcus)
746 1557 909 1620 quibus
938 1558 1110 1602 innatet
1139 1555 1277 1603 cibus.
1319 1555 1385 1602 Ad

110 1629 332 1686 tormina,
355 1631 504 1692 regios
529 1630 744 1688 morbos,
774 1631 920 1677 tuffim
949 1642 1148 1678 veterem
1177 1645 1278 1675 cum
1310 1628 1385 1674 su-

109 1702 260 1767 spiriO.
295 1701 494 1749 Discutit
527 1705 576 1750 &
605 1702 725 1749 foliis
743 1702 952 1761 strumas,
982 1701 1209 1766 quadrinis
1230 1701 1388 1747 diebus

111 1778 269 1824 soluta.
302 1776 510 1824 Furfures
531 1776 685 1839 capitis
700 1813 713 1833 .,
737 1777 785 1823 ὅ(
805 1776 983 1824 hulcera
1002 1775 1225 1822 manantia
1245 1773 1355 1820 illita
1368 1809 1385 1831 ,

110 1866 168 1896 ex
205 1849 312 1894 oleo
343 1849 483 1895 emila.
519 1848 748 1911 Coquitur
782 1848 833 1894 &
863 1847 910 1892 in
933 1847 1063 1893 melle
1090 1846 1178 1893 cibi
1211 1846 1346 1909 gratia
1368 1881 1385 1904 ‚

110 1922 305 1969 maxime
327 1921 393 1968 uti
421 1921 674 1970 coftionem
701 1920 848 1968 facias.
879 1920 950 1967 Sic
970 1922 1020 1968 &
1045 1919 1257 1966 interiora
1278 1936 1387 1981 pur-

112 2007 200 2059 gat.
236 1994 388 2040 Rimas
415 1994 579 2057 pedum
610 1992 731 2039 sanat
762 1993 809 2038 in
842 1992 948 2039 oleo
978 1994 1131 2051 costa,
1166 1994 1215 2040 &
1244 1991 1386 2039 mixta

110 2068 277 2114 refinae.
304 2068 461 2112 Semen
482 2065 575 2126 ejus
600 2065 854 2111 lumborum
888 2065 1038 2111 dolori
1065 2082 1118 2112 ex
1140 2064 1269 2111 melle
1296 2064 1384 2110 im-

113 2140 312 2204 ponitur.
347 2138 624 2203 Pythagoras
660 2136 827 2184 scillam
856 2137 903 2183 in
930 2137 1083 2183 limine
1109 2152 1294 2199 quoque
1316 2135 1384 2197 ja-

111 2229 212 2258 nuae
243 2210 489 2274 suspensam
508 2209 731 2256 malorum
761 2208 1191 2259 medicamentorum
1216 2207 1384 2254 introi-

113 2298 205 2331 tum
228 2284 392 2347 pellere
409 2283 556 2329 tradit.

186 2358 282 2403 XL.
313 2351 684 2402 Ceterum'bulbi
712 2371 767 2401 ex
792 2365 919 2403 aceto
953 2355 1002 2401 &
1035 2352 1244 2416 sulphure
1274 2353 1382 2400 vul-

116 2445 194 2476 ner
214 2428 297 2476 bus
316 2429 364 2477 in
383 2427 495 2477 facie
518 2427 766 2480 medentur.
800 2428 885 2476 Per
905 2426 946 2475 se
963 2442 1076 2478 vero
1095 2425 1190 2475 triti
1210 2441 1383 2475 nervo-
