1653 2797
255 165 346 212 340
519 146 1306 194 C.PL1N115ECUND1

320 274 361 319 3.
390 255 543 303 Nostri
564 256 649 302 alia
678 255 824 302 fecere
850 271 1040 318 genera:
1071 254 1304 318 Algidense
1336 273 1361 302 a
1388 255 1493 305 loco
1512 292 1526 315 ‚

250 330 440 393 longum
472 341 602 392 atque
631 327 968 375 translucidum.
1000 327 1206 374 Alterum
1233 327 1330 390 rapi
1359 326 1525 391 figura,

247 401 372 464 quod
404 413 577 448 vocant
611 400 877 464 Syriacum,
916 398 1217 446 suaviffimum
1251 397 1343 446 fere
1370 416 1422 446 ac
1457 411 1527 446 te-

245 473 518 531 nerrimum,
557 471 800 536 hiemisque
835 471 1017 534 patiens.
1060 471 1343 534 Praecipuum
1381 484 1527 519 tamen

246 545 338 605 est,
365 549 490 610 quod
507 564 530 593 e
563 546 694 611 Syria
722 563 817 592 non
845 545 1017 608 pridem
1043 546 1283 594 advectum
1317 548 1528 611 apparet,

246 620 464 682 quoniam
491 622 609 684 apud
646 618 979 666 auctores'non
1010 619 1231 681 reperitur
1250 638 1266 666 ε’
1291 619 1346 666 ἰὰ
1380 631 1528 667 autem

246 704 343 740 tota
373 694 519 741 hieme
541 695 680 740 durat.
716 694 973 739 Etiamnum
996 709 1136 739 unum
1159 692 1356 741 filvestre
1375 694 1527 741 Graeci

246 768 404 831 agrion
437 779 636 824 vocant,
679 766 858 813 Pontici
893 783 1077 824 armon,
1108 764 1181 811 alii
1213 765 1401 826 leucen,
1437 786 1527 827 no-

245 839 320 886 stri
354 839 644 886 armoraciam
665 875 678 896 ‚
715 838 877 885 fronde
905 838 1132 901 copiosius
1153 855 1287 902 quam
1313 843 1525 903 corpore.

246 918 297 962 In
333 913 545 959 omnibus
580 924 729 958 autem
765 913 1010 975 probandis
1045 913 1238 959 maxime
1275 912 1528 976 spectantur

246 985 422 1032 caules:
449 984 690 1030 immitium
719 985 838 1030 enim
866 986 1154 1033 rotundiores
1184 987 1528 1051 craffioresque,

247 1074 298 1103 ac
332 1057 478 1121 longis
511 1056 750 1105 canalibus.
783 1057 910 1104 Folia
935 1058 1027 1122 ipsa
1051 1059 1275 1117 tristiora,
1306 1061 1356 1107 &
1389 1076 1526 1124 angu-

244 1129 298 1176 lis
326 1129 520 1178 horrida.

311 1222 355 1264 4.
391 1206 485 1251 Seri
505 1204 609 1251 vult
634 1205 857 1268 raphanus
887 1217 1002 1252 terra
1030 1205 1202 1263 soluta,
1222 1205 1419 1254 humida.
1453 1205 1530 1253 Fi-

246 1295 369 1324 mum
394 1279 492 1325 odit
507 1315 520 1338 ,
542 1281 668 1341 palea
690 1292 944 1327 contentus.
990 1281 1172 1344 Frigore
1199 1281 1311 1327 adeo
1340 1281 1529 1344 gaudet,

245 1363 297 1397 ut
322 1351 369 1396 in
388 1353 630 1398 Germania
656 1352 894 1400 infantium
914 1370 1159 1416 puerorum
1181 1353 1530 1416 magnitudinem

247 1438 409 1489 aequet.
449 1428 618 1474 Seritur
645 1427 746 1491 post
772 1428 873 1474 Idus
901 1429 1026 1474 Febr.
1052 1440 1102 1474 ut
1122 1445 1289 1475 vernus
1316 1427 1399 1473 fit:
1441 1427 1528 1473 ite-

247 1514 436 1559 rumque
462 1499 580 1544 circa
608 1500 899 1561 Vulcamssia,
920 1518 1023 1563 quae
1043 1500 1153 1546 satio
1180 1500 1354 1546 melior.
1394 1497 1530 1544 Multi

247 1571 298 1616 &
318 1570 485 1616 Martio
500 1608 515 1627 ,
535 1574 583 1619 &
600 1572 743 1635 Aprili
764 1572 933 1628 serunt,
953 1575 1002 1619 &
1018 1574 1278 1635 Septembri.
1306 1572 1527 1634 Incipien-

246 1654 291 1688 te
308 1642 615 1700 incremento,
635 1643 811 1690 confert
829 1644 997 1690 alterna
1016 1644 1124 1690 folia
1144 1644 1528 1700 circumobruere,

249 1713 369 1776 ipsos
390 1732 502 1762 vero
521 1717 817 1763 accumulare.
841 1718 957 1763 Nam
978 1718 1055 1780 qui
1076 1730 1200 1765 extra
1218 1729 1380 1764 terram
1397 1733 1527 1763 emera

247 1787 298 1832 fit
318 1823 330 1843 ‚
359 1787 495 1835 durus
512 1787 562 1835 fit
586 1802 719 1853 atque
746 1788 973 1852 fungosus.
1001 1790 1333 1838 Aristomachus
1359 1790 1529 1836 detrahi

247 1859 358 1906 folia
387 1877 466 1923 per
491 1861 683 1908 hiemem
710 1861 862 1924 jubet,
892 1864 941 1909 &
958 1898 973 1920 ‚
1000 1880 1056 1908 ne
1091 1863 1261 1909 lacunae
1296 1863 1528 1926 stagnent‚

247 1935 559 1982 accumulare:
596 1936 657 1983 ita
687 1936 735 1982 in
763 1935 952 1982 aestatem
991 1935 1288 1999 grandescere.
1329 1936 1528 1996 Quidam

244 2008 509 2070 prodidere,
530 2009 559 2054 fi
579 2009 684 2072 palo
712 2010 864 2056 adacto
891 2026 1082 2056 caverna
1112 2009 1237 2071 palea
1265 2008 1528 2055 insternatur

246 2081 322 2128 sex
348 2081 591 2145 digitorum
619 2083 880 2142 altitudine,
904 2084 1062 2130 deinde
1091 2083 1137 2129 in
1170 2083 1316 2131 semen
1347 2083 1528 2130 fimum-

245 2169 336 2215 que
357 2154 407 2200 &
425 2166 540 2200 terra
569 2168 864 2219 congeratur,
892 2156 947 2202 ad
975 2155 1326 2218 magnitudinem
1357 2153 1527 2201 scrobis

246 2224 454 2272 crescere.
476 2227 705 2290 Praecipue
721 2244 870 2274 tamen
888 2227 1002 2274 salfis
1019 2228 1209 2274 aluntur.
1227 2231 1376 2291 Itaque
1393 2227 1527 2290 etiam

244 2299 407 2346 talibus
436 2301 562 2364 aquis
591 2301 856 2365 irrigantur,
879 2304 927 2349 &
954 2302 1000 2347 in
1024 2303 1227 2366 AEgypto
1258 2303 1380 2349 nitro
1406 2301 1526 2365 spar-

245 2386 407 2435 guntur
421 2410 434 2432 ‚
453 2375 530 2421 ubi
553 2374 651 2420 sunt
672 2375 889 2422 {navitate
911 2376 1140 2438 praecipui.
1162 2378 1211 2422 In
1238 2389 1386 2422 totum
1412 2391 1526 2439 quo-

243 2461 334 2508 que
363 2444 576 2509 salsugine
610 2447 858 2494 amaritudo
878 2463 1035 2495 eorum
1061 2447 1303 2505 eximitur,
1329 2445 1528 2510 fiuntque
