1653 2797
202 161 290 223 298
454 162 813 208 opmuu
861 164 1234 212 saeuum

199 267 395 314 illinunt.
443 260 499 316 Id'
528 270 628 317 satis
671 270 725 317 ad
759 271 959 334 pulveris
994 271 1242 319 remedium
1283 272 1479 321 videtur.

264 344 448 389 LXXII.
491 345 637 392 Meffis
663 345 796 407 ipsius
825 346 940 392 ratio
965 345 1100 391 varia.
1141 346 1389 393 Galliarum
1421 347 1482 393 la-

200 413 405 461 tifundiis
434 416 542 462 valli
573 417 854 481 praegrandes
883 418 1089 465 dentibus
1116 418 1163 464 in
1184 418 1384 483 margine
1406 416 1480 464 in-

202 486 320 533 festis
342 524 356 546 ‚
390 489 557 536 duabus
588 491 701 537 rotis
738 507 818 554 per
844 488 1033 554 segetem
1059 490 1351 554 impelluntur
1368 521 1382 548 ,-
1412 489 1485 551 ju-

201 574 358 622 mento
397 563 443 609 in
476 566 749 613 contrarium
779 565 963 627 juncto:
998 566 1058 612 ita
1085 566 1268 630 direptae
1306 565 1353 611 in
1382 563 1485 611 val-

203 633 296 680 lum
328 636 491 683 cadunt
522 637 666 700 spicae.
699 638 881 701 Stipulae
912 637 1016 684 alibi
1042 638 1199 684 mediae
1227 638 1340 684 falce
1368 654 1487 700 prae-

206 707 443 767 eiciuntur,
477 725 609 774 atque
638 712 756 757 inter
791 711 898 757 duas
930 711 1137 774 mergites
1166 711 1285 774 spica
1305 710 1487 757 distrin-

206 779 338 842 gitur.
398 783 517 828 Alibi
562 784 617 830 ab
663 783 811 830 radice
860 783 1070 831 vellunt:
1115 785 1284 848 quique
1329 784 1376 829 id
1418 783 1486 830 fa-

207 851 358 911 ciunt,
395 855 625 917 proscindi
654 855 708 902 ab
743 855 783 902 se
811 856 959 902 obiter
994 873 1151 921 agrum
1187 856 1486 918 interpretan-

208 935 280 971 tur
296 962 310 982 ,
346 944 447 974 cum
472 931 706 976 extrahant
730 929 924 977 succum.
951 930 1223 978 Differentia
1251 930 1373 977 haec:
1396 929 1489 976 Ubi

209 998 364 1061 stipula
395 1002 559 1050 domos
592 1015 843 1068 contegunt
860 1040 874 1063 ,
899 1021 1031 1067 quam
1058 1003 1356 1067 longissimam
1396 1001 1488 1049 ser-

207 1085 333 1120 vant.
368 1074 461 1121 Ubi
478 1074 594 1122 foeni
612 1077 768 1140 inopia
787 1076 872 1135 est,
899 1077 1141 1124 stramento
1168 1077 1343 1141 paleam
1363 1095 1489 1141 quae-

209 1157 326 1191 runt.
359 1147 511 1195 Panici
531 1149 682 1196 culmo
710 1166 806 1196 non
825 1161 997 1213 tegunt.
1034 1149 1148 1195 Milii
1178 1149 1377 1196 culmum
1396 1149 1490 1196 fere

211 1215 409 1266 inurunt.
452 1222 625 1268 Hordei
661 1222 867 1285 stipulam
900 1223 1046 1270 bubus
1085 1224 1368 1287 gratiffimam
1401 1222 1492 1269 ser-

214 1308 338 1339 vant.
371 1295 585 1343 Panicum
617 1299 668 1343 &
702 1297 875 1344 milium
904 1296 1157 1361 singulatim
1187 1297 1364 1362 pectine
1394 1314 1492 1343 ma-

216 1365 335 1410 nuali
363 1367 517 1431 legunt
540 1370 715 1418 Galliae.

280 1438 429 1486 Meffis
453 1441 545 1503 ipsa
575 1443 680 1488 alibi
711 1442 883 1489 tribulis
917 1442 966 1488 in
993 1459 1122 1500 area,
1150 1441 1256 1489 alibi
1280 1457 1495 1505 equarum

215 1509 425 1570 gressibus
456 1515 702 1572 exteritur,
736 1515 842 1561 alibi
875 1515 1056 1577 perticis
1086 1514 1349 1578 flagellatur.
1390 1514 1495 1561 Tri-

216 1580 356 1628 ticum
376 1620 390 1641 ,
428 1603 520 1648 quo
552 1587 688 1634 serius
717 1589 929 1646 metitur,
963 1587 1193 1650 copiosius
1229 1588 1495 1634 invenitur:

219 1671 311 1717 quo
334 1658 520 1707 celerius
538 1678 670 1719 vero,
690 1661 780 1708 hoc
804 1660 1042 1723 speciosius
1064 1678 1114 1707 ac
1139 1660 1378 1707 robustius.
1402 1663 1495 1707 Lex

217 1727 465 1789 aptissima,
497 1745 737 1796 antequam
775 1749 964 1796 granum
999 1730 1277 1789 indurescat,
1311 1732 1361 1778 δέ
1392 1747 1494 1777 cum

216 1796 307 1859 jam
337 1803 521 1852 traxerit
548 1805 766 1852 colorem.
803 1803 1055 1850 Oraculum
1084 1819 1229 1861 vero,
1255 1802 1395 1849 biduo
1426 1820 1497 1850 ce-

220 1870 354 1920 lerius
391 1877 567 1924 meffem
605 1878 749 1925 facere
779 1877 964 1941 potius,
1005 1894 1141 1940 quam
1172 1875 1311 1922 biduo
1347 1874 1496 1923 serius.

219 1946 413 2012 Siliginis
444 1953 651 2000 &tritici
688 1953 823 1999 etiam
855 1952 972 1999 ratio
1011 1952 1058 1997 in
1089 1968 1189 1997 area
1221 1951 1496 2014 horreoque.

221 2021 324 2079 Par,
348 2025 449 2086 quia
469 2025 705 2072 difficulter
727 2025 974 2083 excutitur,
996 2023 1220 2070 convenit
1240 2040 1341 2070 cum
1368 2022 1494 2085 palea

223 2091 299 2139 sua
332 2097 499 2143 condi:
540 2101 590 2147 δέ
621 2099 778 2162 stipula
808 2110 980 2145 tantum
1010 2099 1061 2144 &
1096 2095 1236 2142 aristis
1265 2095 1489 2142 liberatur.

288 2167 416 2215 Palea
445 2170 594 2232 plures
614 2172 812 2235 gentium
836 2189 921 2234 pro
949 2170 1081 2217 foeno
1099 2180 1298 2215 utuntur.
1329 2167 1497 2214 Melior

223 2256 302 2297 ea,
338 2259 439 2305 quae
470 2245 682 2304 tenuior,
718 2245 1030 2309 minutiorque
1049 2279 1063 2301 ,
1095 2245 1144 2291 δέ
1176 2241 1355 2305 pulveri
1389 2257 1497 2304 pro—

226 2315 360 2378 pior:
399 2317 502 2365 ideo
536 2319 709 2380 optima
737 2336 760 2365 e
788 2319 942 2376 milio,
971 2317 1180 2380 proxima
1211 2333 1268 2362 ex
1298 2314 1498 2371 hordeo,

225 2388 403 2449 peffima
433 2408 488 2438 ex
517 2392 698 2448 tritico,
719 2404 1015 2455 praeterquam
1042 2388 1251 2451 jumentis
1277 2403 1412 2450 opere
1434 2386 1498 2432 la-

227 2465 504 2512 borantibus.
536 2465 752 2513 Culmum
773 2464 932 2511 saxosis
952 2464 1066 2511 locis
1095 2480 1197 2510 cum
1221 2461 1405 2520 inaruit,
1424 2460 1498 2507 ba-
