1653 2797
230 169 521 224 NATUR.
562 168 866 217 HISTOR.
907 168 1234 219 LIB.XVII.
1307 181 1418 242 1553

120 277 399 340 Aquilonem
428 277 640 327 obversas
669 276 783 322 vites
805 277 854 322 &
872 277 1052 324 arbores
1071 277 1185 340 poni
1206 276 1395 323 suasere:

121 351 430 401 odoratiorem
471 351 601 400 etiam
635 347 731 399 fieri
764 348 899 396 talem
929 349 1125 396 fructum
1151 349 1398 398 Democri—

119 432 191 469 tus
234 435 373 489 putat.
432 420 671 485 Aquilonis
716 420 846 469 situm
868 457 882 479 ‚
917 433 1258 485 ventorumque.
1297 420 1397 467 reli·-

121 511 349 558 quorum,
370 495 562 544 diximus
594 493 788 541 secundo
820 492 1085 551 volumine,
1116 494 1416 557 dicemusque.

119 566 333 633 proximo
360 565 488 633 plura
523 583 598 611 cae
590 564 707 611 'cista
715 565 933 611 ‚Interim
961 564 1242 643 maniffgstum
1272 567 1403 612 vide-

119 649 193 682 tur
221 630 486 696 salubritatis
507 654 593 700 are,
588 650 818 683 imentum
834 652 1079 699 ‚quoniam
1106 653 1153 686 in
1169 637 1403 685 meridiem

119 709 250 755 etiam
286 689 577 771 speclantium
614 708 782 771 semper
818 720 920 757 ante
949 707 1157 757 decidant
1177 706 1302 755 folia.

182 783 345 841 Similis
379 786 428 836 δε
465 784 512 830 111
545 784 776 836 maritimis
807 783 948 833 causa.
978 782 1261 844 Quibusdam
1288 784 1403 831 locis

121 857 289 912 afflatus
322 857 453 904 maris
481 857 644 915 noxii,
674 858 719 908 in
739 856 942 921 plurimis
968 856 1104 907 iidem
1124 857 1277 906 utiles:
1305 859 1406 923 qui-

122 929 306 976 busdam
345 929 444 976 satis
481 947 505 976 e
540 930 795 993 longinquo
842 930 1034 993 aspicere
1069 930 1204 977 maria
1242 929 1412 992 jucun-¹

121 1002 257 1048 dum:
290 1003 478 1065 propius
509 1002 745 1048 admoveri
780 1001 879 1049 satis
911 1003 1123 1062 halitum,
1145 1003 1316 1050 inutile.
1340 1005 1408 1051 Si-

122 1075 239 1120 milis
276 1077 327 1122 &
362 1075 599 1125 fluminum
646 1075 996 1139 stagnorumque
1042 1075 1173 1124 ratio.
1220 1077 1409 1124 Nebulis

120 1146 314 1199 adurunt
332 1183 346 1205 ,
367 1160 443 1194 aut
481 1147 706 1198 aestuantia
736 1147 1013 1212 refrigerant.
1052 1148 1291 1211 Opacitate
1308 1184 1322 1207 ‚
1345 1164 1432 1204 at·‚

122 1237 210 1284 que
252 1221 387 1267 etiam
420 1220 570 1283 rigore
604 1221 830 1283 gaudent,
868 1238 969 1284 quae
1006 1220 1214 1272 diximus.
1254 1223 1408 1281 Quare

121 1293 447 1355 experimentis!
471 1294 643 1355 optime
674 1294 884 1343 creditur.

189 1368 259 1412 III.
284 1368 322 1411 A
351 1365 465 1412 caelo
501 1365 765 1428 proximum
803 1365 865 1412 est
900 1378 1029 1416 terrae
1068 1367 1221 1414 dixisse
1265 1368 1408 1415 ratio-

122 1458 226 1487 nem
245 1476 258 1498 ‚
291 1441 410 1486 haud
443 1438 645 1491 faciliore
673 1441 887 1490 tractatu:
923 1441 1089 1504 quippe
1127 1459 1224 1487 non
1253 1443 1409 1488 eadem

123 1513 362 1568 arboribus
401 1515 622 1561 convenit
658 1516 709 1566 &
747 1514 946 1579 frugibus
990 1515 1286 1579 plerumque:
1325 1534 1409 1563 nec

124 1586 244 1650 pulla
262 1623 275 1645 ,
295 1586 472 1650 qualem
495 1586 628 1633 habet
655 1588 902 1652 Campania
920 1625 933 1647 ‚
959 1588 1125 1652 ubique
1144 1589 1317 1652 optima
1333 1589 1407 1635 vi-

123 1659 268 1706 tibus:
302 1671 379 1705 aut
410 1676 509 1723 quae
546 1673 704 1711 tenues
739 1661 919 1708 exhalat
950 1661 1168 1711 nebulas:
1213 1679 1296 1709 1166
1334 1680 1409 1709 ru-

126 1731 246 1779 brica
271 1730 422 1778 multis
446 1730 635 1779 laudata.
666 1731 850 1780 Cretam
872 1733 920 1779 in
937 1733 1200 1785 Albensium
1217 1736 1409 1799 Pompe-

125 1802 334 1866 ianorum
368 1822 502 1868 agro,
529 1808 578 1853 &
608 1807 838 1871 argillam,
868 1807 1037 1856 cunctis
1066 1808 1122 1857 ad
1150 1808 1306 1856 vineas
1339 1826 1412 1874 ge-

128 1876 306 1923 neribus
339 1891 622 1940 anteponunt
637 1917 651 1939 ,
674 1898 930 1944 quanquam
949 1879 1231 1945 praepingu'es
1247 1919 1262 1939 ‚
1283 1882 1410 1945 quod

129 1948 353 2014 excipitur
385 1950 432 1995 in
451 1967 506 1996 eo
527 1969 699 2015 genere.
731 1954 934 2001 Invicem
965 1953 1164 2001 sabulum
1191 1955 1340 2003 album
1361 1956 1410 2001 in

129 2023 385 2082 Ticinenfi‚
418 2024 686 2089 multisque
676 2045 724 2073 11
742 2027 856 2075 loc1s
882 2027 1089 2092 nigrum,
1119 2028 1315 2091 itemque
1335 2047 1412 2076 ru-

129 2095 294 2154 brum,
328 2096 460 2142 etiam
492 2097 647 2162 pingui
682 2112 809 2147 terrae
846 2101 1158 2170 permixtum,
1185 2101 1416 2149 infoecun⁴

129 2168 239 2214 dum
269 2168 342 2214 est.

205 2243 477 2305 Argumenta
511 2261 694 2309 quoque
735 2244 1036 2309 judicantium
1082 2248 1195 2313 saepe
1238 2247 1413 2298 fallunt,

130 2317 242 2363 Non
272 2316 425 2380 utique
453 2317 603 2365 laetum
637 2319 782 2367 solum
814 2322 874 2368 est
895 2359 908 2379 ‚
934 2322 980 2368 in
1006 2340 1098 2386 quo
1118 2340 1317 2386 procera:
1338 2340 1410 2369 ar·—

130 2391 265 2437 bores
286 2390 753 2456 nitent‚praeterquam
770 2394 855 2442 illis
876 2396 1124 2443 arboribus.
1147 2395 1271 2456 Quid
1294 2395 1412 2441 enim

132 2464 275 2518 abiete
304 2464 562 2529 procerius?
594 2482 669 2514 aut
688 2484 788 2531 quae
817 2469 976 2518 vixiffe
999 2469 1135 2534 poflit
1165 2468 1321 2533 aliafffin
1346 2469 1414 2517 10-
