1653 2797
243 135 875 189 NATUR.H15TOR.
910 135 1041 183 ΜΒ.
1077 134 1196 183 xv.
1327 133 1386 198 63

103 262 185 314 pra
216 250 371 296 omnia
404 248 495 305 est,
534 261 630 309 quo
661 243 775 290 nihil
809 244 1018 307 equidem
1053 245 1174 292 duco
1206 243 1389 291 mirabi-

104 323 219 381 lius,
261 334 429 370 tantam
471 318 594 364 illam
626 316 814 374 urbem,
849 318 899 363 &
931 317 984 362 de
1020 329 1241 364 terrarum
1277 318 1391 364 orbe

103 413 184 460 per
212 409 322 442 CXX
351 406 496 440 annos
529 391 762 448 aemulam,
793 389 927 436 unius
958 391 1085 452 pomi
1120 404 1390 454 argumento

101 467 322 514 eversam:
352 464 478 528 quod
506 479 601 509 non
629 458 826 520 Trebia,
851 474 925 508 aut
941 462 1272 526 Trasymenus,
1294 482 1391 512 non

102 543 275 588 Cannae
299 537 431 586 busto
463 537 656 600 infignes
685 537 882 582 Romani
908 536 1107 583 nominis
1125 573 1139 592 ‚
1173 538 1391 599 perficere

101 627 322 677 potuere:
363 626 459 656 non
495 609 634 657 castra
669 609 839 656 Punica
880 610 935 655 ad
973 610 1153 656 tertium
1199 610 1392 673 lapidem

101 687 297 744 vallata,
324 695 559 748 portaeque
591 683 788 730 Collinae
817 683 1079 747 adequitans
1101 682 1190 746 ipse
1211 685 1389 730 Hanni-

100 759 188 808 bal.
223 760 375 806 Tanto
412 757 600 821 propius
629 755 952 821 Carthaginem
984 772 1127 819 pomo
1162 757 1282 803 Cato
1309 758 1389 803 ada

101 831 267 878 movit.

202 903 386 951 Colitur
421 901 533 950 ficus
566 901 703 949 arbor
743 901 790 947 in
820 901 927 949 foro
959 902 1056 966 ipso
1093 920 1144 950 ac
1178 903 1388 951 Comitio

101 980 264 1027 Romae
291 990 422 1035 nata,
450 976 576 1023 sacro
608 975 857 1039 fulguribus
886 976 947 1022 ibi
972 976 1197 1026 conditis:
1227 977 1389 1041 magifi—

101 1069 190 1116 que
221 1052 283 1098 ob
313 1049 582 1096 memoriam
621 1047 739 1109 ejus,
773 1065 873 1111 quae
897 1049 1052 1095 nutrix
1085 1047 1170 1094 fuit
1199 1049 1391 1097 Romuli

101 1143 154 1173 ac
186 1123 317 1171 Remi
353 1122 608 1171 conditoris
636 1123 885 1184 appellata:
909 1127 1126 1185 quoniam
1150 1122 1230 1169 sub
1249 1140 1298 1169 ea
1319 1124 1390 1169 in-

102 1212 240 1247 venta
262 1197 323 1243 est
351 1197 456 1259 lupa
484 1194 731 1241 infantibus
754 1195 955 1257 praebens
976 1212 1136 1242 rumen
1155 1231 1169 1254 ‚
1193 1195 1278 1259 (ita
1299 1213 1390 1243 vo-

103 1272 266 1319 cabant
293 1271 578 1330 mammam:)
615 1267 834 1313 miraculo
862 1283 919 1312 ex
947 1283 1032 1312 aere
1058 1265 1183 1328 juxta
1208 1269 1359 1315 dicato
1376 1305 1391 1328 ,

102 1357 315 1407 tanquam
345 1343 392 1386 in
425 1339 679 1386 Comitium
709 1337 867 1402 sponte
893 1339 1106 1386 transisset
1124 1376 1136 1398 ‚
1160 1342 1270 1401 Atto
1293 1344 1391 1389 Na·—

104 1417 185 1464 vio
220 1430 401 1478 augure.
454 1412 550 1458 Illic
589 1410 782 1458 arescit:
828 1411 1062 1475 rursusque
1099 1430 1207 1459 cura
1245 1414 1390 1461 sacer*

102 1492 263 1538 dotum
289 1487 460 1534 seritur⁶
495 1486 597 1532 Fuit
634 1487 684 1532 &
713 1498 815 1549 ante
847 1485 1023 1532 Saturni
1051 1488 1189 1533 aedem
1207 1524 1220 1546 ‚
1253 1490 1392 1536 Urbis

100 1580 224 1611 ¹anno
247 1576 385 1609 CCLX
415 1560 608 1617 sublata‚
636 1559 762 1606 sacro
793 1577 818 1605 a
844 1560 1096 1607 Vestalibus
1117 1561 1264 1621 fafito,
1285 1581 1393 1610 cum

100 1635 277 1684 Silvani
324 1633 609 1681 stmulacrum
653 1632 949 1680 subverteret.
994 1635 1159 1681 Eadem
1194 1634 1392 1682 fortuito

102 1710 196 1757 satu
223 1709 345 1756 vivit
367 1708 414 1753 in
442 1706 595 1753 medio
616 1705 723 1753 foro
738 1742 751 1763 ‚
774 1723 861 1770 qua
889 1707 1072 1753 fidentia
1087 1708 1263 1770 imperii
1284 1708 1389 1754 fun-

103 1785 310 1830 damenta
339 1781 518 1827 ostento
544 1779 664 1826 fatali
686 1780 869 1825 Curtius
889 1780 1096 1826 maximis
1117 1781 1276 1840 bonis,
1301 1781 1392 1828 hoc

103 1855 194 1914 est,
220 1856 394 1902 virtute
425 1871 476 1900 ac
508 1854 696 1916 pietate,
729 1870 781 1899 ac
816 1865 964 1900 morte
992 1852 1206 1915 praeclara
1230 1854 1387 1916 exple*

103 1942 244 1979 verat.
277 1926 422 1992 AEque
449 1928 636 1975 fortuita
682 1928 843 1974 eodem
875 1928 985 1974 loco
1023 1927 1085 1973 est
1116 1929 1221 1976 vitis
1257 1941 1392 1992 atque

105 2002 232 2061 olea,
255 2003 426 2050 umbrae
452 2003 589 2065 gratia
620 2001 848 2048 sedulitate
878 2000 1051 2064 plebeja
1071 2000 1186 2048 satae.
1209 2004 1297 2047 Ara
1316 2002 1388 2047 in-

106 2075 159 2121 de
179 2074 345 2122 sublata
371 2074 637 2140 gladiatorio
662 2091 846 2120 munere
865 2075 983 2121 Divi
1002 2076 1023 2122 J
1030 2075 1106 2121 ulii
1122 2110 1136 2134 ,
1156 2075 1281 2138 quod
1298 2091 1387 2121 no·-

106 2148 277 2196 vifiime
302 2150 524 2214 pugnavit
544 2150 592 2195 in
618 2148 738 2195 foro.-

173 2224 297 2269 XXI.
335 2220 621 2270 Admirabilis
654 2223 716 2269 est
751 2222 879 2286 pomi
917 2221 1097 2285 hujusce
1131 2223 1387 2281 festinatio,

106 2297 238 2342 unius
273 2295 320 2342 in
341 2297 510 2343 cunffis
532 2332 546 2354 ‚
571 2297 627 2343 ad
653 2296 955 2343 maturitatem
977 2297 1262 2359 properantis
1293 2310 1386 2343 arte

106 2382 290 2415 naturae.
320 2368 571 2431 Caprificus
602 2382 799 2417 vocatur
828 2387 852 2416 e
873 2368 1060 2417 filvestri
1088 2385 1250 2432 genere
1279 2368 1386 2415 ficus

105 2457 340 2504 nunquam
368 2440 686 2502 maturescens,
718 2441 790 2489 sed
827 2442 954 2504 quod
986 2440 1077 2502 ipsa
1103 2456 1196 2486 non
1228 2440 1388 2495 habet,
