1653 2797
213 149 307 194 420
485 132 540 178 C.
584 130 832 177 PLINII
881 129 1250 179 SECUNDI

212 254 353 305 toque
369 239 507 303 magis
538 254 642 302 quas
664 249 835 285 vocant
857 238 1136 301 lexipyretos
1155 272 1169 295 ,
1197 236 1388 300 quasque
1409 255 1486 302 pe-

208 315 355 379 pticas
375 314 424 358 &3
446 312 665 358 coeliacas.
706 309 898 374 Nigrum
926 322 1077 356 tamen
1108 309 1307 357 coeliacis
1334 310 1381 356 in
1413 312 1488 358 vi-

212 402 276 431 no
305 385 445 431 datur.
474 383 679 430 Sativum
705 398 845 428 omne
869 380 1029 444 majus:
1056 381 1250 428 rotunda
1270 381 1310 428 ei
1329 383 1488 445 capita.

211 462 271 506 At
304 456 492 505 silvestri
522 457 656 520 longa
684 472 736 502 ac
755 455 939 518 pusilla,
967 457 1016 502 ὃ(
1037 456 1092 502 ad
1119 472 1276 502 omnes
1309 455 1488 504 effectus

210 531 481 579 valentiora.
514 530 806 593 Decoquitur
837 531 887 576 ὃ(
916 527 1086 575 bibitur
1108 541 1262 576 contra
1283 529 1486 593 vigilias:

210 604 455 666 eademque
474 609 590 665 aqfta
605 601 769 648 fovent
787 617 881 646 ora.
910 600 1148 662 Optimum
1182 602 1230 648 in
1257 601 1382 649 ficcis
1400 637 1414 660 ‚
1438 603 1487 649 &

210 675 290 722 ubi
319 691 421 721 raro
447 675 585 737 pluat.
608 675 723 721 Cum
747 673 891 735 capita
908 671 998 735 ipsa
1018 674 1067 720 &
1092 672 1202 720 folia
1221 674 1487 738 decoquun-

210 759 284 792 tur
305 783 318 803 ‚
348 745 504 793 succus
527 744 787 793 meconium
810 758 1003 794 vocatur
1022 782 1036 805 ‚
1065 744 1257 792 multum
1289 746 1399 809 opio
1421 748 1489 811 ig-

210 836 391 866 nav1or.

277 892 644 954 Experimentum
670 890 764 953 opii
782 891 843 938 est
859 890 1053 954 primum
1081 891 1127 937 in
1149 891 1317 938 odore:
1343 891 1487 938 fince-

210 983 308 1013 rum
328 965 447 1011 enim
467 963 637 1026 perpeti
656 979 750 1009 non
767 963 853 1009 est:
877 979 988 1010 mox
1005 964 1051 1010 in
1068 963 1259 1011 lucernis
1275 1000 1288 1022 ‚
1307 975 1357 1010 ut
1376 981 1487 1028 pura

210 1040 357 1086 luceat
377 1038 554 1084 flamma
567 1073 581 1095 ‚
600 1039 650 1084 &
663 1048 714 1083 ut
731 1036 994 1083 exstinctum
1020 1037 1200 1082 demum
1217 1035 1361 1084 oleat:
1385 1054 1487 1100 quae

210 1112 257 1158 in
283 1110 439 1157 fucato
461 1125 555 1155 non
579 1108 810 1155 eveniunt.
846 1107 1121 1155 Accenditur
1153 1123 1338 1171 quoque
1367 1108 1486 1154 diffi-

211 1183 367 1241 cilius,
395 1182 446 1228 &
471 1180 630 1228 crebro
667 1178 976 1243 exstinguitur.
1017 1179 1091 1225 Est
1122 1179 1278 1226 finceri
1308 1180 1486 1243 experi-

211 1269 412 1305 mentum
439 1255 561 1302 &in
594 1271 736 1318 aqua,
765 1255 983 1317 quoniam
1015 1255 1061 1301 in
1102 1253 1254 1300 nubila
1288 1254 1484 1302 innatat:

211 1329 363 1377 fictum
398 1329 445 1374 in
478 1326 673 1390 pustulas
705 1326 812 1374 coit.
842 1327 927 1373 Sed
947 1327 1140 1374 maxime
1163 1327 1351 1384 mirum,
1373 1328 1487 1374 aesti-

210 1420 278 1450 vo
313 1402 418 1449 Sole
449 1399 733 1464 deprehendi.
776 1399 1008 1447 Sincerum
1035 1399 1156 1446 enim
1180 1398 1328 1457 sudat,
1365 1401 1414 1448 δέ
1445 1400 1486 1449 se

211 1475 378 1532 diluit,
412 1475 558 1520 donec
596 1472 730 1520 succo
761 1474 929 1520 recenti
962 1473 1101 1520 simile
1134 1471 1222 1520 fiat.
1267 1473 1486 1521 Mnefides
1540 1466 1542 1469 ’

211 1548 386 1610 optime
420 1544 589 1592 servari
621 1556 747 1607 putat
778 1544 1053 1609 hyoscyami
1088 1543 1252 1591 semine
1281 1543 1485 1606 adJeclo:

212 1620 289 1668 alii
311 1619 358 1665 in
377 1618 488 1664 faba.

279 1691 507 1738 LXXVII.
539 1690 656 1734 Inter
685 1686 825 1734 sativa
854 1689 904 1735 δε
931 1686 1142 1735 silvestria
1178 1687 1373 1733 medium
1409 1704 1485 1751 ge-

212 1779 329 1821 nus,
358 1760 572 1824 quoniam
605 1759 652 1805 in
690 1760 811 1806 arvis
834 1795 848 1818 ‚
892 1759 965 1805 sed
1002 1759 1158 1822 sponte
1201 1759 1452 1805 nasceretur
1471 1795 1484 1817 ,

211 1836 392 1883 rhoeam
425 1832 699 1880 vocavimus
725 1833 775 1878 ὃ(
805 1832 1056 1878 erraticum.
1098 1829 1296 1889 Quidam
1332 1829 1377 1876 id
1405 1829 1484 1876 de-

211 1918 418 1973 cerptum
452 1901 658 1968 protinus
685 1922 785 1952 cum
820 1916 922 1951 toto
949 1904 1106 1969 calyce
1126 1902 1360 1950 mandunt.
1403 1904 1485 1949 Al-

214 1997 330 2029 vum
359 1977 626 2024 exinaniunt
665 1977 810 2039 capita
845 1977 1043 2041 quinque
1081 1975 1264 2022 decocta
1298 1975 1343 2020 in
1387 1976 1484 2023 vini

212 2053 355 2099 tribus
384 2049 575 2105 heminis
594 2061 725 2111 pota,
747 2052 795 2096 ὃ(
819 2048 1024 2095 somnum
1043 2046 1226 2095 faciunt.

297 2123 543 2169 LXXVIII.
575 2121 856 2168 Silvestrium
891 2134 1031 2167 unum
1067 2135 1240 2184 genus,
1280 2120 1483 2166 ceratitin

215 2207 412 2252 vocant,
443 2189 649 2256 nigrtffn,
681 2194 864 2240 cubitali
893 2193 1148 2252 altitudine,
1176 2192 1322 2240 radice
1353 2194 1483 2240 craffa

214 2270 265 2315 &
284 2266 532 2325 corticosa,
556 2266 763 2330 calyculo
781 2266 977 2323 inflexo,
1007 2278 1057 2311 ut
1085 2265 1330 2312 cornicula.
1361 2266 1484 2313 Folia

215 2343 418 2399 minora,
440 2344 489 2387 &
516 2343 747 2398 tenuiora,
767 2358 899 2405 quam
922 2341 1075 2387 ceteris
1099 2339 1381 2387 filvestribus.
1408 2340 1484 2387 Se-

213 2430 317 2460 men
349 2414 489 2472 exile,
520 2414 835 2476 tempestivum
857 2413 917 2459 est
942 2414 1169 2462 meffibus:
1194 2413 1345 2462 alvum
1372 2429 1480 2475 pur-
