1653 2797
204 116 299 166 '412
461 106 513 151 o.
561 104 1225 154 PL1N111SECUND1

206 211 372 261 macho
404 212 514 258 utile
545 212 620 260 est.
660 216 772 260 Item
794 214 1169 262 convulfionibus
1198 217 1249 264 &
1280 213 1482 264 inflatio-

208 284 355 330 nibus.
385 286 497 330 Sunt
516 286 565 331 δε
583 285 660 347 qui
681 285 874 333 cunilam
895 286 1107 334 bubulam
1128 287 1456 351 appellaverint
1469 323 1486 347 ,

210 368 262 402 ut
281 356 473 403 diximus
493 392 506 414 ‚
533 356 660 404 falso.

226 421 240 438 ⁰
275 431 391 475 LXI.
426 430 601 476 Cunilae
626 442 786 493 praeter
815 430 1001 479 sativam
1026 431 1152 494 plura
1186 432 1286 480 sunt
1318 431 1365 478 in
1396 448 1490 479 me-

213 502 364 548 dicina
393 520 565 566 genera.
601 505 719 563 Quae
737 503 906 550 bubula
934 503 1181 568 appellatur
1201 541 1214 564 ‚
1235 504 1384 552 semen
1408 521 1493 567 pu-

213 575 319 639 legii
343 576 476 624 habet
494 613 507 635 ,
530 576 637 624 utile
668 578 723 623 ad
747 577 936 624 vulnera
963 578 1384 626 commanducatum
1403 577 1493 624 im-

216 649 504 713 positumque
520 687 536 708 ,
554 663 603 696 ut
622 651 783 714 quinto
803 649 906 712 post
922 649 990 696 die
1011 649 1224 698 solvatur.
1261 653 1317 697 Et
1337 662 1495 698 contra

219 722 441 786 serpentes
470 724 516 770 in
542 725 657 772 vino
687 724 857 771 bibitur
877 760 890 784 ‚
915 741 964 771 ac
987 725 1143 772 tritum
1169 725 1311 790 plagae
1343 724 1496 788 impo-

219 798 355 844 nitur.
391 798 592 844 Vulnera
611 798 666 844 ab
687 799 738 845 iis
763 798 876 845 fa&a
893 798 1207 862 perfricantur.
1226 802 1337 846 Item
1357 798 1498 846 testu-

222 871 348 916 dines
380 887 480 916 cum
507 870 783 933 serpentibus
802 884 1067 935 pugnaturae
1095 872 1177 919 hac
1197 871 1238 919 se
1260 870 1502 919 muniunt:

221 941 493 1005 quidamque
518 942 564 988 in
593 944 683 990 hoc
708 944 789 991 usu
814 961 1054 1009 panaceam
1080 957 1263 992 vocant.
1295 943 1426 990 Sedat
1454 945 1505 990 δε

224 1025 423 1060 tumores
440 1050 452 1072 ‚
476 1017 526 1063 &
549 1016 749 1063 virilitmi
776 1017 891 1063 mala
912 1053 926 1075 ‚
947 1018 1059 1065 sicca
1073 1053 1088 1076 ‚
1108 1017 1185 1065 vel
1209 1016 1330 1064 foliis
1356 1015 1469 1063 tritis
1489 1051 1506 1075 ,

225 1085 271 1132 in
304 1087 432 1132 omni
452 1087 533 1134 usu
552 1089 660 1134 mire
689 1106 946 1153 congruens
970 1106 1025 1136 ex
1047 1090 1177 1137 vino.

292 1159 426 1203 LXII.
443 1159 516 1204 Est
533 1159 618 1206 alia
638 1161 787 1209 cunila
801 1198 814 1219 ,
833 1161 1073 1225 gallinacea
1087 1160 1307 1224 appellata
1329 1158 1509 1217 nostris,

228 1230 401 1278 Graecis
441 1233 677 1297 origanum
717 1235 1095 1283 Heracleoticum.
1141 1233 1325 1282 Prodest
1363 1232 1509 1278 oculis

230 1303 334 1349 trita
364 1303 518 1351 addito
552 1305 650 1354 sale.
692 1307 864 1354 Tuffim
899 1324 1084 1371 quoque
1105 1306 1308 1353 emendat
1326 1340 1340 1364 ‚
1361 1307 1412 1352 &
1437 1303 1511 1366 io·-

233 1377 434 1424 cinerum
467 1379 596 1426 vitia.
623 1382 830 1426 Laterum
860 1381 1041 1427 dolores
1070 1397 1171 1427 cum
1202 1379 1344 1426 farina
1363 1414 1378 1437 ‚
1405 1378 1513 1424 oleo

234 1453 284 1498 δέ
311 1465 441 1499 aceto
463 1454 508 1499 in
532 1454 828 1503 sorbitionem
855 1467 1112 1519 temperata.
1148 1455 1376 1518 Praecipue
1399 1469 1514 1502 vero

238 1523 507 1586 serpentium
533 1527 718 1574 morsus.

301 1599 454 1645 LXIII.
494 1599 702 1646 Tertium
732 1617 872 1664 genus
907 1600 968 1647 est
1006 1600 1130 1661 ejus,
1158 1618 1258 1663 quae
1289 1617 1315 1647 a
1344 1599 1518 1647 Graecis

239 1671 427 1719 mascula
442 1709 456 1731 ‚
480 1690 504 1719 a
538 1672 699 1720 nostris
719 1674 929 1738 cunilago
957 1687 1148 1720 vocatur
1166 1709 1180 1731 ‚
1200 1674 1354 1720 odoris
1373 1673 1482 1719 foedi
1504 1709 1518 1732 ‚

240 1746 399 1792 radicis
420 1746 634 1810 lignosae,
657 1746 772 1794 folio
801 1746 972 1810 aspero.
997 1748 1128 1794 Vires
1154 1746 1248 1810 ejus
1273 1747 1521 1794 vehemen-

243 1822 422 1869 tissimas
444 1824 492 1870 in
518 1822 727 1869 omnibus
757 1823 990 1886 generibus
1019 1839 1172 1870 earum
1202 1822 1398 1868 tradunt.
1425 1823 1524 1868 Ma-

247 1895 405 1958 nipulo
433 1913 614 1960 quoque
647 1895 740 1958 ejus
774 1896 947 1958 abjecto
972 1934 988 1955 ,
1021 1913 1179 1944 omnes
1203 1914 1226 1943 e
1253 1908 1351 1943 tota
1384 1895 1526 1942 domo
1571 1923 1574 1928 .

248 1970 404 2017 blattas
435 1971 685 2017 convenire
705 1971 759 2017 ad
780 1988 890 2018 eam.
922 1970 1138 2019 Privatim
1157 1969 1366 2018 adversus
1400 1968 1527 2016 scor-

250 2042 410 2107 piones
435 2059 490 2089 ex
509 2042 644 2106 posca
663 2044 848 2105 pollere.
882 2045 1046 2092 Tribus
1068 2044 1189 2091 foliis
1207 2061 1264 2091 ex
1291 2043 1398 2090 oleo
1421 2059 1527 2106 per-

254 2115 390 2161 uncto
424 2115 608 2162 homine
627 2153 640 2173 ,
659 2115 803 2181 fugari
827 2117 1062 2180 serpentes.
1094 2173 1098 2177 ⁴

321 2190 481 2235 LXIV.
517 2193 555 2236 E
587 2192 818 2237 contrario
852 2208 954 2254 quae
981 2190 1132 2237 mollis
1162 2199 1387 2246 Vocatur,
1414 2187 1532 2250 pilo-

258 2261 448 2310 sioribus
476 2261 595 2311 foliis
623 2281 674 2310 ac
694 2265 826 2312 ramis
859 2264 1069 2312 aculeatis
1088 2299 1102 2320 ‚
1125 2262 1229 2308 trita
1252 2261 1394 2307 mellis
1414 2261 1533 2306 odo-

259 2351 353 2380 rem
380 2335 512 2381 habet
530 2372 543 2393 ,
569 2335 716 2400 digitis
745 2337 860 2382 tactu
892 2334 984 2398 ejus
1013 2331 1424 2383 cohaerescentibus.
1454 2329 1533 2377 Al-

261 2416 352 2451 tera
383 2405 524 2453 thuris
543 2442 558 2465 ‚
586 2423 718 2470 quam
745 2407 1037 2455 libanotidem
1066 2403 1349 2469 appellamus.
1380 2401 1536 2451 Mede-
