1653 2797
288 134 1241 184 NATUR.HISTOR.L!13.XX.
1336 146 1430 200 40⁴5

149 243 282 292 minis
306 257 394 292 tres
426 243 598 292 uncias·
636 243 742 290 Olei
767 243 880 290 libra
911 244 1098 307 vinique
1123 242 1320 291 sextario
1342 243 1434 289 illi-

151 321 272 366 nitur
308 337 410 368 cum
440 320 547 366 oleo
578 317 716 365 coctis
745 317 894 376 foliis,
925 318 1123 382 partibus
1152 333 1260 381 quas
1295 314 1440 381 frigus

150 392 370 441 adusserit.
392 394 438 440 Si
463 391 638 439 urinam
657 403 845 449 movet,
865 404 913 439 ut
933 393 1203 456 Hippocrati
1225 392 1436 448 videtur,

150 465 315 512 mirum
343 465 404 513 est
437 465 654 529 quosdam
680 466 782 512 dare
808 465 938 512 velut
969 465 1247 513 inhibentem
1272 465 1436 528 potui,

152 550 314 586 contra
331 537 710 586 incontinentiam
727 539 884 586 urinae.
911 538 1067 586 Psoras
1096 541 1145 587 &
1168 539 1313 602 lepras
1335 555 1438 585 cum

153 610 285 658 melle
317 612 368 659 &
390 610 588 659 alumine
617 611 729 658 illita
761 611 981 658 emendat.
1021 615 1130 658 Item
1159 612 1405 676 vitiligines
1424 648 1438 669 ‚

152 700 400 744 verrucas,
428 684 613 732 strumas
633 719 648 743 ‚
682 686 733 733 δε
766 682 922 730 similia
939 719 956 743 ,
992 699 1095 732 cum
1128 684 1347 750 strychno
1390 687 1442 732 &

154 756 285 820 adipe
307 756 440 805 suillo
457 775 509 805 ac
535 757 723 805 taurino⁴
744 756 869 805 sevo.
890 759 999 804 Item
1023 758 1172 820 ignem
1192 756 1362 804 sacrum
1384 775 1441 803 ex

153 842 284 878 aceto
315 833 366 880 &
395 832 502 879 oleo
526 866 540 890 ‚
570 831 647 879 vel
679 830 986 894 pfimmithio:
1017 829 1342 877 carbunculum
1385 846 1442 876 ex·

156 919 304 951 aceto.
334 904 564 951 Nonnulli
595 903 866 968 laserpitium
888 921 975 951 una
1004 902 1119 950 illini
1142 901 1329 965 jubent,
1350 902 1441 948 fine

156 992 254 1040 quo
269 976 548 1041 epinyffidas
562 977 755 1040 pustulas
774 990 947 1025 curant.-
967 979 1213 1040 Imponunt
1231 979 1281 1025 &
1298 994 1442 1022 mam-

155 1050 240 1097 mis
259 1051 540 1114 turgentibus
559 1038 822 1111 decoctam',
851 1054 901 1100 &
928 1051 1102 1114 pituitae
1127 1050 1444 1113 eruptionibus

160 1140 264 1170 cum
291 1140 406 1171 cera.
442 1123 645 1171 Testium
666 1141 783 1172 vero
812 1123 1043 1186 epiphoris
1070 1140 1170 1170 cum
1191 1125 1325 1170 ramis
1346 1122 1445 1169 lau-

161 1210 223 1240 rae
243 1194 408 1241 teneris
422 1231 436 1253 ‚
454 1195 567 1242 adeo
590 1195 806 1258 peculiari
830 1195 876 1241 in
897 1193 1140 1242 visceribus
1162 1194 1231 1240 his
1261 1194 1416 1241 effeciu
1432 1230 1446 1252 ‚

158 1277 210 1312 ut
242 1265 430 1314 silvestri
460 1281 559 1315 ruta
589 1286 690 1317 cum
717 1269 911 1334 axungia
934 1269 1079 1317 veteri
1100 1268 1241 1315 illitos
1260 1267 1446 1314 ramices

159 1337 304 1386 sanari
322 1341 531 1403 prodant.
552 1343 703 1389 FraCta
721 1359 903 1406 quoque
924 1342 1124 1388 membra
1144 1341 1309 1387 semine
1335 1343 1444 1387 trito

159 1429 265 1460 cum
298 1430 400 1460 cera
427 1414 657 1477 imposito,
693 1415 842 1462 Radix
870 1427 982 1462 rutae
1010 1414 1267 1477 sanguinem
1301 1414 1447 1461 oculis

161 1485 375 1534 suffusum
389 1523 404 1545 ‚
418 1490 468 1536 &
484 1499 587 1535 toto
608 1506 802 1554 corpore
818 1489 1051 1538 cicatrices
1066 1500 1140 1535 aut
1151 1488 1346 1535 maculas
1361 1487 1448 1533 illi-

161 1569 204 1605 ta
224 1561 444 1608 emendat.
472 1563 541 1607 Ex
565 1562 751 1625 reliquis
773 1580 873 1625 quae
892 1563 1151 1619 traduntur,
1171 1562 1336 1607 mirum
1357 1559 1419 1606 est
1435 1595 1450 1618 ‚

163 1647 267 1678 cum
291 1631 543 1680 ferventem
564 1645 677 1680 rutae
698 1645 901 1680 naturam
919 1633 1004 1681 effe
1029 1634 1303 1691 conveniat,
1324 1632 1451 1679 fasci-

161 1703 315 1751 culum
335 1703 428 1766 ejus
445 1705 491 1754 in
515 1706 702 1757 rosaceo
721 1706 958 1754 decoihtm
979 1707 1127 1753 addita
1145 1706 1280 1753 uncia
1302 1706 1451 1761 aloes,

163 1776 389 1838 perunstis
416 1777 627 1825 sudorem
644 1778 900 1840 reprimere.
921 1781 1119 1840 Itemque
1141 1777 1453 1841 generationes

163 1848 372 1913 impediri
400 1851 491 1897 hoc
517 1852 622 1899 cibo
645 1871 657 1899 ε
681 1852 787 1898 ideo
817 1852 864 1897 in
890 1850 1128 1914 profluvio
1167 1851 1349 1914 genitali
1379 1851 1453 1897 da-

164 1932 238 1969 tur
253 1958 266 1980 ‚
287 1923 338 1970 &
359 1925 581 1970 Venerem
603 1924 764 1971 crebro
792 1939 872 1986 per
901 1922 1071 1970 somnia
1093 1923 1453 1987 imaginantibus.

167 1996 519 2043 Praecavendum
540 1994 601 2042 est
617 1995 812 2059 gravidis
838 1995 1084 2042 abstineant
1101 1996 1192 2042 hoc
1213 1996 1318 2048 cibo
1341 2016 1353 2043 ;
1374 2014 1455 2043 ne-

172 2069 265 2116 cari
290 2070 410 2116 enim
439 2081 590 2132 partus
619 2069 827 2116 invenio,
857 2070 1022 2115 Eadem
1044 2085 1098 2114 ex
1119 2069 1332 2117 omnibus
1354 2069 1461 2117 satis.

169 2143 508 2205 quadrupedum
539 2159 724 2206 quoque
757 2142 927 2189 morbis
953 2142 999 2188 in
1027 2142 1226 2188 maximo
1253 2143 1330 2188 usu
1361 2143 1423 2189 est
1440 2180 1455 2202 ‚

167 2215 263 2262 five
293 2215 474 2262 difficile
495 2215 760 2279 spirantibus
782 2251 797 2272 ,
828 2215 920 2262 five
951 2230 1110 2262 contra
1147 2214 1458 2263 maleficorum

169 2287 426 2334 animalium
458 2288 566 2336 istus
588 2325 601 2346 ‚
636 2287 777 2334 infusa
808 2305 888 2351 per
918 2305 1043 2335 nares
1069 2305 1126 2334 ex
1153 2288 1268 2334 vino
1292 2306 1302 2334 ε
1329 2301 1404 2335 aut
1424 2288 1460 2335 fi

170 2361 427 2426 sanguisuga
454 2361 729 2421 exhauserit,
755 2379 811 2408 ex
835 2375 963 2410 aceto
987 2381 996 2409 :
1032 2364 1082 2410 ὃς
1107 2378 1382 2426 quocunque
1410 2361 1459 2408 in

172 2434 303 2482 simili
322 2434 591 2482 morborum
610 2451 769 2499 genere
789 2470 803 2493 ,
824 2446 872 2482 ut
891 2435 938 2481 in
954 2435 1140 2482 'nomine
1156 2469 1171 2492 ⁹
1198 2446 1456 2498 temperata.

1049 2507 1193 2568 Cc3
