<?xml version="1.0" encoding="UTF-8"?>
<!DOCTYPE html PUBLIC "-//W3C//DTD XHTML 1.0 Transitional//EN"
    "http://www.w3.org/TR/xhtml1/DTD/xhtml1-transitional.dtd">
<html xmlns="http://www.w3.org/1999/xhtml" xml:lang="en" lang="en">
 <head>
  <title>
</title>
<meta http-equiv="Content-Type" content="text/html;charset=utf-8" />
  <meta name='ocr-system' content='tesseract 3.04.00' />
  <meta name='ocr-capabilities' content='ocr_page ocr_carea ocr_par ocr_line ocrx_word'/>
</head>
<body>
  <div class='ocr_page' id='page_1' title='image "./caiipliniisecund03plinuoft_0220.png"; bbox 0 0 1653 2797; ppageno 0'>
   <div class='ocr_carea' id='block_1_1' title="bbox 279 180 1269 232">
    <p class='ocr_par' dir='ltr' id='par_1_1' title="bbox 279 180 1269 232">
     <span class='ocr_line' id='line_1_1' title="bbox 279 180 1269 232; baseline -0.004 0"><span class='ocrx_word' id='word_1_1' title='bbox 279 201 367 232; x_wconf 74' lang='lat'>212</span> <span class='ocrx_word' id='word_1_2' title='bbox 521 180 1269 230; x_wconf 52' lang='lat' dir='ltr'>C.PLINII*SECUND1</span> 
     </span>
    </p>
   </div>
   <div class='ocr_carea' id='block_1_2' title="bbox 270 288 1559 2516">
    <p class='ocr_par' dir='ltr' id='par_1_2' title="bbox 270 288 1559 2516">
     <span class='ocr_line' id='line_1_2' title="bbox 277 288 1554 353; baseline -0.002 -14"><span class='ocrx_word' id='word_1_3' title='bbox 277 311 372 339; x_wconf 76' lang='lat' dir='ltr'>non</span> <span class='ocrx_word' id='word_1_4' title='bbox 392 291 574 338; x_wconf 81' lang='lat' dir='ltr'>vitalem</span> <span class='ocrx_word' id='word_1_5' title='bbox 590 327 603 347; x_wconf 79' lang='lat'>‚</span> <span class='ocrx_word' id='word_1_6' title='bbox 619 307 700 337; x_wconf 88' lang='lat' dir='ltr'>nec</span> <span class='ocrx_word' id='word_1_7' title='bbox 722 288 981 353; x_wconf 78' lang='lat' dir='ltr'>proximum</span> <span class='ocrx_word' id='word_1_8' title='bbox 1009 288 1222 352; x_wconf 84' lang='lat' dir='ltr'><strong>corpori:</strong></span> <span class='ocrx_word' id='word_1_9' title='bbox 1249 305 1407 336; x_wconf 88' lang='lat' dir='ltr'>verum</span> <span class='ocrx_word' id='word_1_10' title='bbox 1427 306 1554 348; x_wconf 90' lang='lat' dir='ltr'>eum,</span> 
     </span>
     <span class='ocr_line' id='line_1_3' title="bbox 274 361 1555 429; baseline -0.002 -17"><span class='ocrx_word' id='word_1_11' title='bbox 274 367 354 429; x_wconf 59' lang='lat' dir='ltr'>(fui</span> <span class='ocrx_word' id='word_1_12' title='bbox 379 364 664 411; x_wconf 76' lang='lat' dir='ltr'>subnascente</span> <span class='ocrx_word' id='word_1_13' title='bbox 693 363 783 410; x_wconf 90' lang='lat' dir='ltr'>alio</span> <span class='ocrx_word' id='word_1_14' title='bbox 813 361 1067 425; x_wconf 84' lang='lat' dir='ltr'>expellitur.</span> <span class='ocrx_word' id='word_1_15' title='bbox 1108 363 1401 421; x_wconf 88' lang='lat' dir='ltr'>Quarundam</span> <span class='ocrx_word' id='word_1_16' title='bbox 1423 375 1555 410; x_wconf 83' lang='lat' dir='ltr'>natu·—</span> 
     </span>
     <span class='ocr_line' id='line_1_4' title="bbox 275 433 1556 496; baseline -0.002 -11"><span class='ocrx_word' id='word_1_17' title='bbox 275 457 324 485; x_wconf 73' lang='lat' dir='ltr'>ra</span> <span class='ocrx_word' id='word_1_18' title='bbox 369 436 557 484; x_wconf 83' lang='lat' dir='ltr'>rimosus</span> <span class='ocrx_word' id='word_1_19' title='bbox 592 447 776 492; x_wconf 84' lang='lat' dir='ltr'><strong>cortex,</strong></span> <span class='ocrx_word' id='word_1_20' title='bbox 807 445 859 481; x_wconf 89' lang='lat' dir='ltr'>ut</span> <span class='ocrx_word' id='word_1_21' title='bbox 892 433 1095 496; x_wconf 75' lang='lat' dir='ltr'>platanis,</span> <span class='ocrx_word' id='word_1_22' title='bbox 1147 433 1280 480; x_wconf 83' lang='lat' dir='ltr'>Tiliae</span> <span class='ocrx_word' id='word_1_23' title='bbox 1315 434 1556 483; x_wconf 87' lang='lat' dir='ltr'>renascitur</span> 
     </span>
     <span class='ocr_line' id='line_1_5' title="bbox 274 505 1556 574; baseline -0.001 -19"><span class='ocrx_word' id='word_1_24' title='bbox 274 510 412 574; x_wconf 79' lang='lat' dir='ltr'>paulo</span> <span class='ocrx_word' id='word_1_25' title='bbox 441 507 587 554; x_wconf 85' lang='lat' dir='ltr'>minus</span> <span class='ocrx_word' id='word_1_26' title='bbox 616 524 750 571; x_wconf 91' lang='lat' dir='ltr'>quam</span> <span class='ocrx_word' id='word_1_27' title='bbox 782 517 918 552; x_wconf 88' lang='lat' dir='ltr'>totus.</span> <span class='ocrx_word' id='word_1_28' title='bbox 952 508 1073 569; x_wconf 85' lang='lat' dir='ltr'>Ergo</span> <span class='ocrx_word' id='word_1_29' title='bbox 1099 505 1196 565; x_wconf 85' lang='lat' dir='ltr'>his,</span> <span class='ocrx_word' id='word_1_30' title='bbox 1216 523 1408 570; x_wconf 85' lang='lat' dir='ltr'>quarum</span> <span class='ocrx_word' id='word_1_31' title='bbox 1437 506 1556 554; x_wconf 76' lang='lat' dir='ltr'>cica-</span> 
     </span>
     <span class='ocr_line' id='line_1_6' title="bbox 273 577 1558 644; baseline -0.002 -14"><span class='ocrx_word' id='word_1_32' title='bbox 273 583 433 630; x_wconf 82' lang='lat' dir='ltr'>tricem</span> <span class='ocrx_word' id='word_1_33' title='bbox 458 579 618 639; x_wconf 80' lang='lat' dir='ltr'>trahit,</span> <span class='ocrx_word' id='word_1_34' title='bbox 647 579 882 626; x_wconf 89' lang='lat' dir='ltr'>medentur</span> <span class='ocrx_word' id='word_1_35' title='bbox 907 578 1006 625; x_wconf 88' lang='lat' dir='ltr'>luto</span> <span class='ocrx_word' id='word_1_36' title='bbox 1027 577 1240 643; x_wconf 89' lang='lat' dir='ltr'>fimoque.</span> <span class='ocrx_word' id='word_1_37' title='bbox 1277 582 1334 626; x_wconf 83' lang='lat' dir='ltr'>Et</span> <span class='ocrx_word' id='word_1_38' title='bbox 1359 579 1558 644; x_wconf 89' lang='lat' dir='ltr'>aliquan-</span> 
     </span>
     <span class='ocr_line' id='line_1_7' title="bbox 274 649 1556 718; baseline -0.001 -17"><span class='ocrx_word' id='word_1_39' title='bbox 274 656 337 702; x_wconf 88' lang='lat' dir='ltr'>do</span> <span class='ocrx_word' id='word_1_40' title='bbox 367 652 582 717; x_wconf 83' lang='lat' dir='ltr'>prosunt,</span> <span class='ocrx_word' id='word_1_41' title='bbox 602 651 634 697; x_wconf 87' lang='lat' dir='ltr'><strong>fi</strong></span> <span class='ocrx_word' id='word_1_42' title='bbox 661 667 757 697; x_wconf 90' lang='lat' dir='ltr'>non</span> <span class='ocrx_word' id='word_1_43' title='bbox 782 649 1100 718; x_wconf 87' lang='lat' dir='ltr'>vehementior</span> <span class='ocrx_word' id='word_1_44' title='bbox 1122 649 1343 714; x_wconf 87' lang='lat' dir='ltr'>frigorum</span> <span class='ocrx_word' id='word_1_45' title='bbox 1375 650 1556 700; x_wconf 64' lang='lat' dir='ltr'>ausea-</span> 
     </span>
     <span class='ocr_line' id='line_1_8' title="bbox 273 721 1557 782; baseline -0.001 -9"><span class='ocrx_word' id='word_1_46' title='bbox 273 727 426 773; x_wconf 80' lang='lat' dir='ltr'>lorum</span> <span class='ocrx_word' id='word_1_47' title='bbox 453 725 523 771; x_wconf 82' lang='lat' dir='ltr'>vis</span> <span class='ocrx_word' id='word_1_48' title='bbox 551 723 696 770; x_wconf 89' lang='lat' dir='ltr'>secuta</span> <span class='ocrx_word' id='word_1_49' title='bbox 720 721 793 769; x_wconf 90' lang='lat' dir='ltr'>est.</span> <span class='ocrx_word' id='word_1_50' title='bbox 833 721 1057 782; x_wconf 83' lang='lat' dir='ltr'>Quaedam</span> <span class='ocrx_word' id='word_1_51' title='bbox 1083 722 1243 770; x_wconf 88' lang='lat' dir='ltr'>tardius</span> <span class='ocrx_word' id='word_1_52' title='bbox 1268 724 1328 771; x_wconf 87' lang='lat' dir='ltr'>ita</span> <span class='ocrx_word' id='word_1_53' title='bbox 1349 724 1557 772; x_wconf 88' lang='lat' dir='ltr'>moriun-</span> 
     </span>
     <span class='ocr_line' id='line_1_9' title="bbox 274 793 1556 860; baseline -0.001 -14"><span class='ocrx_word' id='word_1_54' title='bbox 274 814 348 847; x_wconf 85' lang='lat' dir='ltr'>tur</span> <span class='ocrx_word' id='word_1_55' title='bbox 363 836 376 857; x_wconf 81' lang='lat'><strong>‚</strong></span> <span class='ocrx_word' id='word_1_56' title='bbox 410 812 460 846; x_wconf 88' lang='lat' dir='ltr'>ut</span> <span class='ocrx_word' id='word_1_57' title='bbox 495 798 663 844; x_wconf 85' lang='lat' dir='ltr'>robora</span> <span class='ocrx_word' id='word_1_58' title='bbox 684 798 733 842; x_wconf 63' lang='grc' dir='ltr'>δέ</span> <span class='ocrx_word' id='word_1_59' title='bbox 752 811 957 858; x_wconf 88' lang='lat' dir='ltr'>quercus.</span> <span class='ocrx_word' id='word_1_60' title='bbox 991 793 1146 840; x_wconf 84' lang='lat' dir='ltr'><strong>Refert</strong></span> <span class='ocrx_word' id='word_1_61' title='bbox 1171 796 1222 842; x_wconf 88' lang='lat'>&amp;</span> <span class='ocrx_word' id='word_1_62' title='bbox 1239 810 1414 860; x_wconf 88' lang='lat' dir='ltr'>tempus</span> <span class='ocrx_word' id='word_1_63' title='bbox 1434 799 1556 846; x_wconf 87' lang='lat' dir='ltr'>anni.</span> 
     </span>
     <span class='ocr_line' id='line_1_10' title="bbox 270 867 1555 931; baseline -0.002 -12"><span class='ocrx_word' id='word_1_64' title='bbox 270 872 426 919; x_wconf 76' lang='lat' dir='ltr'>Abieti</span> <span class='ocrx_word' id='word_1_65' title='bbox 460 870 579 916; x_wconf 88' lang='lat' dir='ltr'>enim</span> <span class='ocrx_word' id='word_1_66' title='bbox 612 870 661 915; x_wconf 88' lang='lat'>&amp;</span> <span class='ocrx_word' id='word_1_67' title='bbox 689 867 800 930; x_wconf 87' lang='lat' dir='ltr'>pino</span> <span class='ocrx_word' id='word_1_68' title='bbox 832 867 865 913; x_wconf 88' lang='lat' dir='ltr'><strong>fi</strong></span> <span class='ocrx_word' id='word_1_69' title='bbox 888 867 986 931; x_wconf 87' lang='lat' dir='ltr'>quis</span> <span class='ocrx_word' id='word_1_70' title='bbox 1008 867 1250 913; x_wconf 83' lang='lat' dir='ltr'>detraxerit</span> <span class='ocrx_word' id='word_1_71' title='bbox 1266 903 1282 926; x_wconf 89' lang='lat'>,</span> <span class='ocrx_word' id='word_1_72' title='bbox 1301 869 1405 915; x_wconf 88' lang='lat' dir='ltr'>Sole</span> <span class='ocrx_word' id='word_1_73' title='bbox 1428 870 1555 923; x_wconf 91' lang='lat' dir='ltr'>Tau-</span> 
     </span>
     <span class='ocr_line' id='line_1_11' title="bbox 274 941 1557 1006; baseline -0.002 -12"><span class='ocrx_word' id='word_1_74' title='bbox 274 965 374 994; x_wconf 65' lang='lat' dir='ltr'>rum</span> <span class='ocrx_word' id='word_1_75' title='bbox 402 945 479 990; x_wconf 87' lang='lat' dir='ltr'>vel</span> <span class='ocrx_word' id='word_1_76' title='bbox 505 943 727 990; x_wconf 84' lang='lat' dir='ltr'>Geminos</span> <span class='ocrx_word' id='word_1_77' title='bbox 761 941 1013 989; x_wconf 83' lang='lat' dir='ltr'>transeunte</span> <span class='ocrx_word' id='word_1_78' title='bbox 1037 959 1139 990; x_wconf 88' lang='lat' dir='ltr'>cum</span> <span class='ocrx_word' id='word_1_79' title='bbox 1164 942 1446 1006; x_wconf 85' lang='lat' dir='ltr'>germinant,</span> <span class='ocrx_word' id='word_1_80' title='bbox 1471 944 1557 992; x_wconf 90' lang='lat' dir='ltr'>sta-</span> 
     </span>
     <span class='ocr_line' id='line_1_12' title="bbox 272 1013 1557 1077; baseline 0.001 -15"><span class='ocrx_word' id='word_1_81' title='bbox 272 1018 358 1063; x_wconf 68' lang='lat' dir='ltr'>tim</span> <span class='ocrx_word' id='word_1_82' title='bbox 377 1015 644 1061; x_wconf 67' lang='lat' dir='ltr'>moriuntur.</span> <span class='ocrx_word' id='word_1_83' title='bbox 686 1015 881 1060; x_wconf 79' lang='lat' dir='ltr'>Eandem</span> <span class='ocrx_word' id='word_1_84' title='bbox 906 1013 1114 1075; x_wconf 85' lang='lat' dir='ltr'>injuriam</span> <span class='ocrx_word' id='word_1_85' title='bbox 1141 1014 1286 1061; x_wconf 82' lang='lat' dir='ltr'>hieme</span> <span class='ocrx_word' id='word_1_86' title='bbox 1304 1015 1434 1077; x_wconf 79' lang='lat' dir='ltr'>paffae</span> <span class='ocrx_word' id='word_1_87' title='bbox 1453 1015 1557 1064; x_wconf 91' lang='lat' dir='ltr'>diu-</span> 
     </span>
     <span class='ocr_line' id='line_1_13' title="bbox 271 1085 1553 1156; baseline 0.001 -22"><span class='ocrx_word' id='word_1_88' title='bbox 271 1088 361 1135; x_wconf 68' lang='lat' dir='ltr'>tius</span> <span class='ocrx_word' id='word_1_89' title='bbox 394 1087 603 1156; x_wconf 70' lang='lat' dir='ltr'>tolerant.</span> <span class='ocrx_word' id='word_1_90' title='bbox 637 1085 849 1132; x_wconf 78' lang='lat' dir='ltr'>Similiter</span> <span class='ocrx_word' id='word_1_91' title='bbox 883 1086 972 1132; x_wconf 80' lang='lat' dir='ltr'>ilex</span> <span class='ocrx_word' id='word_1_92' title='bbox 987 1122 1000 1143; x_wconf 85' lang='lat'>,</span> <span class='ocrx_word' id='word_1_93' title='bbox 1019 1088 1068 1134; x_wconf 86' lang='lat'>&amp;</span> <span class='ocrx_word' id='word_1_94' title='bbox 1087 1086 1258 1144; x_wconf 82' lang='lat' dir='ltr'>robur,</span> <span class='ocrx_word' id='word_1_95' title='bbox 1279 1088 1329 1134; x_wconf 85' lang='lat'>&amp;</span> <span class='ocrx_word' id='word_1_96' title='bbox 1347 1104 1553 1151; x_wconf 88' lang='lat' dir='ltr'>quercus.</span> 
     </span>
     <span class='ocr_line' id='line_1_14' title="bbox 270 1155 1555 1224; baseline 0.002 -18"><span class='ocrx_word' id='word_1_97' title='bbox 270 1163 394 1221; x_wconf 80' lang='lat' dir='ltr'>Quae</span> <span class='ocrx_word' id='word_1_98' title='bbox 430 1160 463 1206; x_wconf 88' lang='lat' dir='ltr'>s1</span> <span class='ocrx_word' id='word_1_99' title='bbox 508 1155 688 1224; x_wconf 77' lang='lat' dir='ltr'>angusta</span> <span class='ocrx_word' id='word_1_100' title='bbox 733 1158 1030 1205; x_wconf 84' lang='lat' dir='ltr'>decorticatio</span> <span class='ocrx_word' id='word_1_101' title='bbox 1066 1158 1179 1217; x_wconf 85' lang='lat' dir='ltr'>fuit,</span> <span class='ocrx_word' id='word_1_102' title='bbox 1213 1159 1323 1205; x_wconf 87' lang='lat' dir='ltr'>nihil</span> <span class='ocrx_word' id='word_1_103' title='bbox 1365 1177 1555 1209; x_wconf 89' lang='lat' dir='ltr'>nocetur</span> 
     </span>
     <span class='ocr_line' id='line_1_15' title="bbox 270 1231 1558 1297; baseline 0.002 -17"><span class='ocrx_word' id='word_1_104' title='bbox 270 1234 409 1296; x_wconf 67' lang='lat' dir='ltr'>supra</span> <span class='ocrx_word' id='word_1_105' title='bbox 437 1233 574 1280; x_wconf 65' lang='lat' dir='ltr'>diesis.</span> <span class='ocrx_word' id='word_1_106' title='bbox 617 1231 887 1279; x_wconf 87' lang='lat' dir='ltr'>Infirmiores</span> <span class='ocrx_word' id='word_1_107' title='bbox 919 1232 1100 1296; x_wconf 91' lang='lat' dir='ltr'>quidem</span> <span class='ocrx_word' id='word_1_108' title='bbox 1132 1233 1184 1279; x_wconf 88' lang='lat'>&amp;</span> <span class='ocrx_word' id='word_1_109' title='bbox 1207 1231 1256 1278; x_wconf 89' lang='lat' dir='ltr'>in</span> <span class='ocrx_word' id='word_1_110' title='bbox 1285 1231 1383 1279; x_wconf 94' lang='lat' dir='ltr'>solo</span> <span class='ocrx_word' id='word_1_111' title='bbox 1413 1235 1558 1297; x_wconf 88' lang='lat' dir='ltr'>graci-</span> 
     </span>
     <span class='ocr_line' id='line_1_16' title="bbox 271 1305 1555 1367; baseline 0.001 -14"><span class='ocrx_word' id='word_1_112' title='bbox 271 1306 341 1364; x_wconf 78' lang='lat' dir='ltr'>li,</span> <span class='ocrx_word' id='word_1_113' title='bbox 374 1306 451 1353; x_wconf 84' lang='lat' dir='ltr'>vel</span> <span class='ocrx_word' id='word_1_114' title='bbox 488 1306 543 1352; x_wconf 88' lang='lat' dir='ltr'>ab</span> <span class='ocrx_word' id='word_1_115' title='bbox 576 1322 664 1352; x_wconf 87' lang='lat' dir='ltr'>una</span> <span class='ocrx_word' id='word_1_116' title='bbox 698 1317 873 1352; x_wconf 82' lang='lat' dir='ltr'>tantum</span> <span class='ocrx_word' id='word_1_117' title='bbox 909 1316 1032 1367; x_wconf 87' lang='lat' dir='ltr'>parte</span> <span class='ocrx_word' id='word_1_118' title='bbox 1067 1305 1284 1352; x_wconf 60' lang='lat' dir='ltr'>detractus</span> <span class='ocrx_word' id='word_1_119' title='bbox 1323 1305 1555 1354; x_wconf 88' lang='lat' dir='ltr'>interimit.</span> 
     </span>
     <span class='ocr_line' id='line_1_17' title="bbox 271 1377 1558 1442; baseline 0.001 -17"><span class='ocrx_word' id='word_1_120' title='bbox 271 1379 476 1426; x_wconf 75' lang='lat' dir='ltr'>Similem</span> <span class='ocrx_word' id='word_1_121' title='bbox 500 1380 550 1427; x_wconf 86' lang='lat'>&amp;</span> <span class='ocrx_word' id='word_1_122' title='bbox 573 1378 926 1426; x_wconf 86' lang='lat' dir='ltr'>decacuminatio</span> <span class='ocrx_word' id='word_1_123' title='bbox 953 1377 1173 1424; x_wconf 89' lang='lat' dir='ltr'>rationem</span> <span class='ocrx_word' id='word_1_124' title='bbox 1199 1377 1360 1436; x_wconf 86' lang='lat' dir='ltr'>habet,</span> <span class='ocrx_word' id='word_1_125' title='bbox 1382 1379 1558 1442; x_wconf 88' lang='lat' dir='ltr'>cupres-</span> 
     </span>
     <span class='ocr_line' id='line_1_18' title="bbox 271 1450 1557 1514; baseline 0.001 -16"><span class='ocrx_word' id='word_1_126' title='bbox 271 1453 308 1498; x_wconf 78' lang='lat' dir='ltr'>:fi</span> <span class='ocrx_word' id='word_1_127' title='bbox 323 1488 336 1509; x_wconf 84' lang='lat'><strong><em>‚</em></strong></span> <span class='ocrx_word' id='word_1_128' title='bbox 359 1453 526 1514; x_wconf 77' lang='lat' dir='ltr'>piceae,</span> <span class='ocrx_word' id='word_1_129' title='bbox 548 1452 669 1498; x_wconf 83' lang='lat' dir='ltr'>cedri</span> <span class='ocrx_word' id='word_1_130' title='bbox 692 1470 702 1498; x_wconf 78' lang='grc' dir='ltr'>ε</span> <span class='ocrx_word' id='word_1_131' title='bbox 733 1452 801 1497; x_wconf 89' lang='lat' dir='ltr'>hae</span> <span class='ocrx_word' id='word_1_132' title='bbox 828 1451 947 1498; x_wconf 91' lang='lat' dir='ltr'>enim</span> <span class='ocrx_word' id='word_1_133' title='bbox 972 1451 1168 1498; x_wconf 63' lang='lat' dir='ltr'>detracto</span> <span class='ocrx_word' id='word_1_134' title='bbox 1200 1450 1429 1498; x_wconf 88' lang='lat' dir='ltr'>cacumine</span> <span class='ocrx_word' id='word_1_135' title='bbox 1445 1488 1459 1511; x_wconf 84' lang='lat'><strong>,</strong></span> <span class='ocrx_word' id='word_1_136' title='bbox 1480 1467 1557 1502; x_wconf 85' lang='lat' dir='ltr'>aut</span> 
     </span>
     <span class='ocr_line' id='line_1_19' title="bbox 272 1523 1558 1588; baseline -0.001 -16"><span class='ocrx_word' id='word_1_137' title='bbox 272 1525 453 1588; x_wconf 72' lang='lat' dir='ltr'>ignibus</span> <span class='ocrx_word' id='word_1_138' title='bbox 477 1524 631 1570; x_wconf 88' lang='lat' dir='ltr'>adusto</span> <span class='ocrx_word' id='word_1_139' title='bbox 647 1560 660 1582; x_wconf 86' lang='lat'>,</span> <span class='ocrx_word' id='word_1_140' title='bbox 680 1525 920 1572; x_wconf 84' lang='lat' dir='ltr'>intereunt.</span> <span class='ocrx_word' id='word_1_141' title='bbox 957 1524 1154 1571; x_wconf 88' lang='lat' dir='ltr'>Similem</span> <span class='ocrx_word' id='word_1_142' title='bbox 1177 1526 1228 1572; x_wconf 86' lang='lat'>&amp;</span> <span class='ocrx_word' id='word_1_143' title='bbox 1247 1523 1443 1587; x_wconf 91' lang='lat' dir='ltr'>depastio</span> <span class='ocrx_word' id='word_1_144' title='bbox 1465 1525 1558 1571; x_wconf 89' lang='lat' dir='ltr'>ani-</span> 
     </span>
     <span class='ocr_line' id='line_1_20' title="bbox 274 1595 1558 1660; baseline -0.001 -15"><span class='ocrx_word' id='word_1_145' title='bbox 274 1597 473 1645; x_wconf 80' lang='lat' dir='ltr'>malium.</span> <span class='ocrx_word' id='word_1_146' title='bbox 504 1596 662 1643; x_wconf 88' lang='lat' dir='ltr'>Oleam</span> <span class='ocrx_word' id='word_1_147' title='bbox 692 1597 871 1660; x_wconf 89' lang='lat' dir='ltr'>quidem</span> <span class='ocrx_word' id='word_1_148' title='bbox 901 1596 1031 1643; x_wconf 88' lang='lat' dir='ltr'>etiam</span> <span class='ocrx_word' id='word_1_149' title='bbox 1050 1596 1081 1642; x_wconf 90' lang='lat' dir='ltr'><strong>fi</strong></span> <span class='ocrx_word' id='word_1_150' title='bbox 1110 1595 1272 1642; x_wconf 87' lang='lat' dir='ltr'>lambat</span> <span class='ocrx_word' id='word_1_151' title='bbox 1298 1612 1456 1659; x_wconf 82' lang='lat' dir='ltr'>capra,</span> <span class='ocrx_word' id='word_1_152' title='bbox 1473 1595 1558 1644; x_wconf 87' lang='lat' dir='ltr'>ste-</span> 
     </span>
     <span class='ocr_line' id='line_1_21' title="bbox 272 1669 1558 1729; baseline 0 -12"><span class='ocrx_word' id='word_1_153' title='bbox 272 1670 483 1717; x_wconf 65' lang='lat' dir='ltr'>rilescere</span> <span class='ocrx_word' id='word_1_154' title='bbox 501 1707 514 1729; x_wconf 82' lang='grc'>,</span> <span class='ocrx_word' id='word_1_155' title='bbox 535 1671 687 1717; x_wconf 64' lang='lat' dir='ltr'>auf’cor</span> <span class='ocrx_word' id='word_1_156' title='bbox 716 1670 776 1717; x_wconf 87' lang='lat' dir='ltr'>est</span> <span class='ocrx_word' id='word_1_157' title='bbox 808 1673 982 1728; x_wconf 80' lang='lat' dir='ltr'>Varro,</span> <span class='ocrx_word' id='word_1_158' title='bbox 1005 1681 1055 1716; x_wconf 87' lang='lat' dir='ltr'>ut</span> <span class='ocrx_word' id='word_1_159' title='bbox 1083 1669 1290 1716; x_wconf 85' lang='lat' dir='ltr'>diximus.</span> <span class='ocrx_word' id='word_1_160' title='bbox 1336 1671 1558 1729; x_wconf 84' lang='lat' dir='ltr'>Quaedam</span> 
     </span>
     <span class='ocr_line' id='line_1_22' title="bbox 273 1741 1559 1805; baseline -0.001 -15"><span class='ocrx_word' id='word_1_161' title='bbox 273 1744 360 1791; x_wconf 77' lang='lat' dir='ltr'>hac</span> <span class='ocrx_word' id='word_1_162' title='bbox 394 1743 558 1805; x_wconf 78' lang='lat' dir='ltr'>injuria</span> <span class='ocrx_word' id='word_1_163' title='bbox 600 1743 894 1790; x_wconf 87' lang='lat' dir='ltr'>moriuntur:</span> <span class='ocrx_word' id='word_1_164' title='bbox 940 1743 1085 1805; x_wconf 86' lang='lat' dir='ltr'>aliqua</span> <span class='ocrx_word' id='word_1_165' title='bbox 1126 1741 1348 1788; x_wconf 88' lang='lat' dir='ltr'>deteriora</span> <span class='ocrx_word' id='word_1_166' title='bbox 1383 1753 1559 1789; x_wconf 87' lang='lat' dir='ltr'>tantum</span> 
     </span>
     <span class='ocr_line' id='line_1_23' title="bbox 271 1813 1558 1881; baseline -0.002 -17"><span class='ocrx_word' id='word_1_167' title='bbox 271 1816 423 1876; x_wconf 65' lang='lat' dir='ltr'>¹fiunt,</span> <span class='ocrx_word' id='word_1_168' title='bbox 449 1830 499 1864; x_wconf 91' lang='lat' dir='ltr'>ut</span> <span class='ocrx_word' id='word_1_169' title='bbox 532 1816 808 1881; x_wconf 70' lang='lat' dir='ltr'>amygdalae:</span> <span class='ocrx_word' id='word_1_170' title='bbox 846 1833 903 1863; x_wconf 81' lang='lat' dir='ltr'>ex</span> <span class='ocrx_word' id='word_1_171' title='bbox 935 1815 1139 1862; x_wconf 86' lang='lat' dir='ltr'>dulcibus</span> <span class='ocrx_word' id='word_1_172' title='bbox 1172 1815 1291 1861; x_wconf 90' lang='lat' dir='ltr'>enim</span> <span class='ocrx_word' id='word_1_173' title='bbox 1321 1813 1558 1879; x_wconf 87' lang='lat' dir='ltr'>transfigu-</span> 
     </span>
     <span class='ocr_line' id='line_1_24' title="bbox 276 1886 1557 1952; baseline -0.002 -15"><span class='ocrx_word' id='word_1_174' title='bbox 276 1905 436 1938; x_wconf 78' lang='lat' dir='ltr'>rantur</span> <span class='ocrx_word' id='word_1_175' title='bbox 460 1889 508 1936; x_wconf 92' lang='lat' dir='ltr'>in</span> <span class='ocrx_word' id='word_1_176' title='bbox 539 1906 720 1938; x_wconf 82' lang='lat' dir='ltr'>amaras.</span> <span class='ocrx_word' id='word_1_177' title='bbox 765 1888 924 1952; x_wconf 85' lang='lat' dir='ltr'>Aliqua</span> <span class='ocrx_word' id='word_1_178' title='bbox 954 1904 1069 1935; x_wconf 83' lang='lat' dir='ltr'>vero</span> <span class='ocrx_word' id='word_1_179' title='bbox 1100 1887 1231 1933; x_wconf 89' lang='lat' dir='ltr'>etiam</span> <span class='ocrx_word' id='word_1_180' title='bbox 1261 1886 1474 1934; x_wconf 86' lang='lat' dir='ltr'>utiliora:</span> <span class='ocrx_word' id='word_1_181' title='bbox 1507 1904 1557 1935; x_wconf 89' lang='lat' dir='ltr'>ut</span> 
     </span>
     <span class='ocr_line' id='line_1_25' title="bbox 276 1958 1558 2025; baseline -0.002 -17"><span class='ocrx_word' id='word_1_182' title='bbox 276 1964 400 2025; x_wconf 67' lang='lat' dir='ltr'>apud</span> <span class='ocrx_word' id='word_1_183' title='bbox 425 1963 565 2009; x_wconf 88' lang='lat' dir='ltr'>Chios</span> <span class='ocrx_word' id='word_1_184' title='bbox 592 1962 713 2025; x_wconf 85' lang='lat' dir='ltr'>pirus</span> <span class='ocrx_word' id='word_1_185' title='bbox 731 1998 746 2019; x_wconf 85' lang='lat'>‚</span> <span class='ocrx_word' id='word_1_186' title='bbox 770 1977 905 2024; x_wconf 87' lang='lat' dir='ltr'>quam</span> <span class='ocrx_word' id='word_1_187' title='bbox 935 1959 1133 2005; x_wconf 85' lang='lat' dir='ltr'>Phocida</span> <span class='ocrx_word' id='word_1_188' title='bbox 1167 1958 1405 2021; x_wconf 85' lang='lat' dir='ltr'>appellant.</span> <span class='ocrx_word' id='word_1_189' title='bbox 1442 1960 1558 2006; x_wconf 89' lang='lat' dir='ltr'>Nam</span> 
     </span>
     <span class='ocr_line' id='line_1_26' title="bbox 276 2031 1557 2096; baseline -0.002 -16"><span class='ocrx_word' id='word_1_190' title='bbox 276 2036 565 2082; x_wconf 71' lang='lat' dir='ltr'>detruncatio</span> <span class='ocrx_word' id='word_1_191' title='bbox 608 2033 798 2079; x_wconf 70' lang='lat' dir='ltr'>diximus</span> <span class='ocrx_word' id='word_1_192' title='bbox 843 2032 1003 2096; x_wconf 86' lang='lat' dir='ltr'>quibus</span> <span class='ocrx_word' id='word_1_193' title='bbox 1048 2031 1282 2094; x_wconf 85' lang='lat' dir='ltr'>prodeffet.</span> <span class='ocrx_word' id='word_1_194' title='bbox 1329 2032 1557 2078; x_wconf 90' lang='lat' dir='ltr'>Intereunt</span> 
     </span>
     <span class='ocr_line' id='line_1_27' title="bbox 277 2103 1556 2169; baseline -0.001 -18"><span class='ocrx_word' id='word_1_195' title='bbox 277 2107 494 2169; x_wconf 77' lang='lat' dir='ltr'>pleraque</span> <span class='ocrx_word' id='word_1_196' title='bbox 516 2109 565 2154; x_wconf 88' lang='lat'>&amp;</span> <span class='ocrx_word' id='word_1_197' title='bbox 598 2105 689 2153; x_wconf 82' lang='lat' dir='ltr'>fiffa</span> <span class='ocrx_word' id='word_1_198' title='bbox 722 2106 854 2169; x_wconf 86' lang='lat' dir='ltr'>stirpe</span> <span class='ocrx_word' id='word_1_199' title='bbox 874 2142 888 2165; x_wconf 83' lang='lat'>‚</span> <span class='ocrx_word' id='word_1_200' title='bbox 908 2106 1106 2168; x_wconf 78' lang='lat' dir='ltr'>exceptis</span> <span class='ocrx_word' id='word_1_201' title='bbox 1133 2105 1252 2162; x_wconf 89' lang='lat' dir='ltr'>vite,</span> <span class='ocrx_word' id='word_1_202' title='bbox 1269 2104 1417 2163; x_wconf 85' lang='lat' dir='ltr'>malo,</span> <span class='ocrx_word' id='word_1_203' title='bbox 1436 2103 1525 2151; x_wconf 85' lang='lat' dir='ltr'>fico</span> <span class='ocrx_word' id='word_1_204' title='bbox 1541 2139 1556 2163; x_wconf 92' lang='lat'>,</span> 
     </span>
     <span class='ocr_line' id='line_1_28' title="bbox 277 2176 1557 2238; baseline -0.001 -15"><span class='ocrx_word' id='word_1_205' title='bbox 277 2178 463 2224; x_wconf 75' lang='lat' dir='ltr'>Punica.</span> <span class='ocrx_word' id='word_1_206' title='bbox 485 2179 706 2238; x_wconf 84' lang='lat' dir='ltr'>Quaedam</span> <span class='ocrx_word' id='word_1_207' title='bbox 724 2178 801 2225; x_wconf 88' lang='lat' dir='ltr'>vel</span> <span class='ocrx_word' id='word_1_208' title='bbox 818 2179 873 2224; x_wconf 92' lang='lat' dir='ltr'>ab</span> <span class='ocrx_word' id='word_1_209' title='bbox 891 2177 1071 2225; x_wconf 89' lang='lat' dir='ltr'>hulcere</span> <span class='ocrx_word' id='word_1_210' title='bbox 1087 2189 1274 2223; x_wconf 89' lang='lat' dir='ltr'>tantum.</span> <span class='ocrx_word' id='word_1_211' title='bbox 1296 2176 1424 2224; x_wconf 87' lang='lat' dir='ltr'>Ficus</span> <span class='ocrx_word' id='word_1_212' title='bbox 1443 2176 1557 2223; x_wconf 92' lang='lat' dir='ltr'>hanc</span> 
     </span>
     <span class='ocr_line' id='line_1_29' title="bbox 279 2248 1555 2313; baseline 0.001 -19"><span class='ocrx_word' id='word_1_213' title='bbox 279 2249 490 2311; x_wconf 72' lang='lat' dir='ltr'>injuriam</span> <span class='ocrx_word' id='word_1_214' title='bbox 524 2249 715 2312; x_wconf 84' lang='lat' dir='ltr'>spernit,</span> <span class='ocrx_word' id='word_1_215' title='bbox 743 2251 792 2297; x_wconf 64' lang='grc' dir='ltr'>δέ</span> <span class='ocrx_word' id='word_1_216' title='bbox 823 2250 976 2296; x_wconf 84' lang='lat' dir='ltr'>omnia</span> <span class='ocrx_word' id='word_1_217' title='bbox 1008 2267 1109 2313; x_wconf 88' lang='lat' dir='ltr'>quae</span> <span class='ocrx_word' id='word_1_218' title='bbox 1136 2248 1320 2294; x_wconf 78' lang='lat' dir='ltr'>resinam</span> <span class='ocrx_word' id='word_1_219' title='bbox 1352 2249 1555 2312; x_wconf 83' lang='lat' dir='ltr'>gignunt.</span> 
     </span>
     <span class='ocr_line' id='line_1_30' title="bbox 283 2320 1555 2385; baseline -0.002 -17"><span class='ocrx_word' id='word_1_220' title='bbox 283 2324 522 2370; x_wconf 79' lang='lat' dir='ltr'>Radicibus</span> <span class='ocrx_word' id='word_1_221' title='bbox 542 2323 775 2385; x_wconf 84' lang='lat' dir='ltr'>amputatis</span> <span class='ocrx_word' id='word_1_222' title='bbox 801 2323 942 2380; x_wconf 82' lang='lat' dir='ltr'>mori,</span> <span class='ocrx_word' id='word_1_223' title='bbox 965 2321 1148 2368; x_wconf 85' lang='lat' dir='ltr'>minime</span> <span class='ocrx_word' id='word_1_224' title='bbox 1169 2321 1332 2367; x_wconf 88' lang='lat' dir='ltr'>mirum</span> <span class='ocrx_word' id='word_1_225' title='bbox 1355 2321 1429 2367; x_wconf 88' lang='lat' dir='ltr'>est.</span> <span class='ocrx_word' id='word_1_226' title='bbox 1455 2320 1555 2366; x_wconf 87' lang='lat' dir='ltr'>Ple-</span> 
     </span>
     <span class='ocr_line' id='line_1_31' title="bbox 280 2395 1555 2460; baseline 0 -19"><span class='ocrx_word' id='word_1_227' title='bbox 280 2414 432 2460; x_wconf 75' lang='lat' dir='ltr'>raeque</span> <span class='ocrx_word' id='word_1_228' title='bbox 465 2409 611 2443; x_wconf 89' lang='lat' dir='ltr'>tamen</span> <span class='ocrx_word' id='word_1_229' title='bbox 638 2412 731 2442; x_wconf 89' lang='lat' dir='ltr'>non</span> <span class='ocrx_word' id='word_1_230' title='bbox 757 2397 966 2443; x_wconf 83' lang='lat' dir='ltr'>omnibus</span> <span class='ocrx_word' id='word_1_231' title='bbox 982 2432 994 2454; x_wconf 87' lang='lat'>‚</span> <span class='ocrx_word' id='word_1_232' title='bbox 1014 2395 1086 2441; x_wconf 84' lang='lat' dir='ltr'>sed</span> <span class='ocrx_word' id='word_1_233' title='bbox 1112 2395 1314 2442; x_wconf 84' lang='lat' dir='ltr'>maximis</span> <span class='ocrx_word' id='word_1_234' title='bbox 1330 2430 1344 2453; x_wconf 90' lang='lat'>,</span> <span class='ocrx_word' id='word_1_235' title='bbox 1361 2406 1437 2442; x_wconf 89' lang='lat' dir='ltr'>aut</span> <span class='ocrx_word' id='word_1_236' title='bbox 1455 2411 1555 2459; x_wconf 79' lang='lat' dir='ltr'>quae</span> 
     </span>
     <span class='ocr_line' id='line_1_32' title="bbox 281 2468 1347 2516; baseline 0.002 -4"><span class='ocrx_word' id='word_1_237' title='bbox 281 2468 379 2516; x_wconf 74' lang='lat' dir='ltr'>sunt</span> <span class='ocrx_word' id='word_1_238' title='bbox 412 2470 528 2516; x_wconf 85' lang='lat' dir='ltr'>inter</span> <span class='ocrx_word' id='word_1_239' title='bbox 559 2469 653 2516; x_wconf 86' lang='lat' dir='ltr'>illas</span> <span class='ocrx_word' id='word_1_240' title='bbox 678 2468 835 2516; x_wconf 86' lang='lat' dir='ltr'>vitales</span> <span class='ocrx_word' id='word_1_241' title='bbox 865 2468 1053 2516; x_wconf 84' lang='lat' dir='ltr'>absciffis</span> <span class='ocrx_word' id='word_1_242' title='bbox 1078 2468 1347 2515; x_wconf 86' lang='lat' dir='ltr'>moriuntur.</span> 
     </span>
    </p>
   </div>
  </div>
 </body>
</html>
