1653 2797
214 188 300 229 1124
464 161 1257 214 C.PLIN113ECUND1

204 280 256 325 δέ
289 275 520 338 copiosior
552 271 727 333 fruc’cu,
759 271 807 320 in
837 272 989 337 plures
1020 269 1210 336 dispersa
1243 284 1406 321 ramos.
1437 270 1485 320 In

203 347 470 412 quibusdam
497 345 690 393 omnino
710 345 858 392 nullus
874 381 888 404 ,
909 356 960 393 ut
979 346 1026 391 in
1049 345 1128 392 suo
1149 362 1312 411 genere
1329 346 1455 392 buxo
1470 381 1487 402 ‚

203 423 305 467 loto
333 418 651 466 transmarinae.
688 419 913 479 Quaedam
939 417 1128 465 bifurcae
1149 454 1162 477 ‚
1187 430 1321 482 atque
1352 418 1486 464 etiarn

204 493 252 538 in
284 492 444 555 quinas
480 503 625 555 partes
667 490 845 538 diffusae.
883 492 1106 551 Quaedam
1146 490 1370 549 dividuae,
1402 504 1486 536 nec

202 563 418 622 ramosae,
455 574 505 609 ut
534 562 740 610 sambuci.
780 562 1000 622 Quaedam
1030 562 1305 622 individuae,
1332 578 1487 609 ramo—

201 636 286 694 sae,
323 649 374 683 ut
411 636 566 699 piceae.
605 634 884 696 Quibusdam
925 650 1156 681 ramorum
1189 635 1337 694 ordo,
1373 636 1486 682 ficut

199 709 372 771 piceae,
401 707 549 754 abieti.
581 707 694 753 Aliis
726 706 1014 765 inconditus,
1042 718 1092 752 ut
1118 706 1304 765 robori,
1334 706 1482 766 malo,

200 780 321 842 piro.
352 783 409 826 Et
433 779 567 826 abieti
596 778 776 841 quidem
810 777 1006 826 subrecta
1035 778 1259 837 divisura,
1285 778 1486 844 ramique

200 853 249 898 in
285 853 444 899 caelum
477 851 732 908 tendenteS,
759 867 855 896 non
883 851 930 896 in
950 850 1086 898 latera
1109 851 1259 913 proni.
1286 852 1484 910 Mirum,

201 926 514 974 cacuminibus
540 939 700 970 eorum
727 923 880 970 decifis
899 924 1117 971 moritur:
1147 925 1255 971 totis
1275 940 1390 971 vero
1412 925 1486 970 de·

200 999 421 1046 truncatis
446 997 587 1044 durat.
622 999 678 1042 Et
695 995 726 1041 si
746 995 879 1055 infra,
899 1014 1032 1060 quam
1060 998 1171 1043 rami
1194 997 1342 1056 fuere,
1368 1014 1486 1060 prae-

201 1071 378 1119 cidatur
394 1107 409 1128 ,
439 1069 566 1133 quod
601 1068 794 1132 superest
812 1105 826 1127 ,
858 1069 1012 1117 vivit:
1048 1069 1079 1115 fi
1112 1087 1228 1116 vero
1268 1086 1484 1116 cacumen

201 1159 378 1194 tantum
404 1145 655 1202 auferatur,
677 1156 775 1191 tota
796 1138 1002 1190 moritur.
1024 1143 1125 1189 Alia
1143 1144 1197 1190 ab
1220 1143 1369 1190 radice
1386 1142 1485 1189 bra*

203 1219 348 1267 chiara
367 1254 380 1276 ‚
412 1229 462 1264 ut
487 1218 648 1264 ulmus.
683 1216 784 1263 Alia
812 1216 859 1262 in
879 1216 1111 1263 cacumine
1133 1216 1327 1274 ramosa,
1349 1228 1398 1262 ut
1416 1215 1487 1278 pi-

203 1308 286 1338 nus
303 1327 317 1350 ,
341 1291 464 1337 lotos
479 1326 492 1349 ,
512 1290 606 1336 five
624 1289 724 1337 faba
743 1291 923 1336 Graeca:
954 1305 1089 1352 quam
1108 1289 1269 1335 Romae
1295 1305 1320 1334 a
1337 1287 1485 1334 suavi·-

200 1377 294 1412 tate
323 1364 496 1411 fructus
519 1363 728 1411 filvestris
755 1363 937 1427 quidem
952 1399 967 1420 ,
989 1362 1063 1409 sed
1082 1363 1339 1410 cerasorum
1358 1378 1486 1425 paene

203 1450 361 1484 natura
383 1473 396 1495 ‚
430 1437 565 1483 loton
593 1436 834 1499 appellant.
858 1436 1088 1499 Praecipue
1107 1436 1315 1483 domibus
1344 1452 1487 1497 expe-

204 1513 316 1559 titur
350 1524 580 1556 ramorum
612 1508 884 1571 petulantia,
917 1508 1047 1563 brevi
1075 1508 1258 1555 caudice
1285 1508 1488 1555 latiffima

204 1582 546 1646 exspatiantium
574 1581 757 1638 umbra,
796 1580 845 1626 &
878 1579 924 1624 in
965 1579 1139 1625 vicinas
1174 1580 1337 1626 domos
1372 1577 1486 1641 saepe

203 1655 556 1703 transilientium.
597 1654 722 1699 Nulli
753 1651 951 1714 opacitas
982 1651 1196 1698 brevior:
1229 1668 1313 1697 nec
1342 1650 1486 1697 aufert

202 1730 356 1776 Solem
383 1728 554 1786 hieme,
580 1725 888 1773 decidentibus
922 1725 1057 1771 foliis„
1087 1724 1216 1770 Nulli
1244 1734 1402 1770 cortex
1419 1722 1487 1783 ὶιιι

206 1802 432 1859 cundior,
461 1812 537 1847 aut
564 1798 727 1846 oculos
753 1798 983 1860 excipiens
1009 1797 1226 1844 blandius.
1259 1795 1386 1842 Nulli
1417 1813 1488 1842 ra-

208 1877 272 1922 mi
306 1875 535 1938 longiores
561 1871 893 1935 validioresque
909 1908 923 1929 ,
957 1887 1034 1918 aut
1057 1872 1206 1934 plures
1221 1907 1234 1929 ‚
1254 1881 1304 1916 ut
1334 1869 1488 1917 dixisse

206 1948 400 1995 totidem
420 1947 602 1993 arbores
636 1945 781 1991 liceat.
814 1943 999 1992 Cortice
1026 1944 1163 2006 pelles
1189 1943 1394 2006 tingunt,
1413 1948 1485 1989 ra-

209 2022 309 2067 dice
326 2021 460 2066 lanas.
473 2018 605 2065 Malis
625 2016 862 2080 proprium
881 2032 1042 2080 genus:
1063 2015 1255 2062 ferarum
1275 2015 1395 2062 enim
1413 2032 1488 2062 ro·

211 2092 296 2139 stra
323 2091 540 2147 reddunt,
559 2088 883 2135 adhaerentibus
906 2088 984 2134 uni
1006 2087 1205 2134 maximo
1223 2086 1487 2133 minoribus·

276 2167 388 2211 LIV.
416 2164 665 2209 Ramorum
684 2162 821 2225 aliqui
849 2161 983 2219 caeci,
1006 2161 1082 2224 qui
1101 2176 1196 2206 non
1215 2160 1488 2223 germinant:

212 2236 340 2300 quod
369 2247 524 2282 natura
545 2234 622 2292 fit,
652 2234 683 2279 fi
719 2251 813 2280 non
838 2233 1075 2282 evaluere:
1101 2244 1177 2278 aut
1197 2249 1362 2294 poena,
1385 2250 1489 2280 cum

214 2311 447 2373 deputatos
477 2307 664 2355 cicatrix
692 2308 935 2356 hebetavit.
966 2309 1083 2367 Quae
1115 2305 1313 2353 dividuis
1336 2306 1384 2352 in
1412 2322 1486 2352 ra—

216 2398 292 2428 mo
328 2392 485 2427 natura
505 2380 592 2438 est,
626 2380 719 2426 haec
747 2380 831 2426 viti
854 2380 900 2425 in
922 2379 1064 2426 oculo
1082 2414 1096 2437 ‚
1117 2377 1322 2425 arundini
1345 2378 1391 2423 in
1412 2395 1488 2441 ge-

215 2455 388 2504 niculo.
420 2454 638 2503 Omnium
668 2464 797 2502 terrae
825 2453 1036 2519 proxima
1066 2452 1281 2506 craffiora.
1310 2454 1360 2500 In
1385 2452 1488 2499 lon-
