1653 2797
243 151 335 216 3⁵³6
500 146 1279 197 C.PL1NIISECUND1

238 258 441 316 candor,
478 255 617 303 caulis
642 256 865 304 interdum
900 257 1085 304 cubitali
1123 257 1435 322 longitudine,
1464 261 1516 310 δε

235 330 335 394 ipso
358 367 370 387 ,
401 331 451 376 &
483 328 605 375 foliis
638 327 858 376 scabritia.
896 331 963 374 Ex
999 329 1065 376 his
1096 331 1290 378 rotunda
1323 331 1433 379 folia
1466 335 1517 381 &

236 402 398 450 brevia
429 401 667 448 habentem
687 400 785 446 sunt
808 401 887 463 qui
916 401 1151 448 hieraciam
1176 412 1374 462 vocent,
1394 420 1515 467 quo-

239 475 361 521 niam
392 473 626 537 accipitres
658 472 897 535 scalpendo
932 489 1063 530 eam,
1097 473 1323 538 succoque
1353 475 1517 523 oculos

239 548 456 611 tingendo
477 583 491 606 ,
511 546 863 602 obscuritatem,
897 563 999 592 cum
1036 545 1233 606 sensere,
1265 547 1514 595 discutiant.

239 623 414 668 Succus
451 620 663 666 omnibus
711 617 958 677 candidus,
999 618 1171 667 viribus
1210 637 1395 685 quoque
1433 638 1517 684 pa-

235 693 395 756 paveri
432 692 607 738 similis:
644 691 840 752 carpitur
875 707 954 753 per
989 691 1141 737 messes
1181 690 1322 738 inciso
1360 694 1516 740 caule:

235 767 452 813 conditur
484 766 531 811 in
565 763 689 809 fifflli
717 779 877 822 novo,
907 764 962 809 ad
986 764 1124 810 multa
1152 765 1406 827 praeclarus.
1435 768 1516 813 Sa-

235 851 317 886 nat
352 838 502 885 omnia
538 836 782 884 oculorum
814 836 926 883 vitia
962 855 1066 883 cum
1101 837 1209 884 lacte
1245 838 1515 888 mulierum:

234 930 438 976 argema,
459 911 729 969 nubecuIaS,
765 910 1020 970 cicatrices,
1048 911 1388 976 adustionesque
1414 929 1517 960 om-

233 1003 348 1032 nes:
393 983 618 1048 praecipue
668 984 890 1047 cahgines.
939 984 1194 1048 Imponitur
1229 985 1360 1032 etiam
1403 1002 1519 1033 ocu-

233 1057 290 1104 lis
321 1057 368 1103 in
401 1057 499 1103 lana
539 1068 695 1104 contra
729 1057 986 1120 epiphoras.
1021 1057 1142 1104 Idem
1171 1056 1328 1104 succus
1360 1057 1519 1106 alvum

233 1142 418 1195 purgat,
440 1131 486 1175 in
507 1122 643 1192 posca
658 1140 793 1192 potus
820 1130 876 1176 ad
893 1131 1007 1177 duos
1023 1129 1204 1177 obolos.
1237 1130 1518 1194 Serpentium

230 1205 393 1251 {eribus
428 1204 630 1250 medetur
668 1203 715 1248 in
754 1203 870 1251 vino
911 1216 1060 1266 potus.
1113 1206 1169 1250 Et
1207 1202 1343 1263 folia,
1380 1203 1517 1268 thyr-

233 1279 359 1343 fique
382 1278 504 1336 triti,
536 1295 592 1324 ex
625 1290 756 1325 aceto
787 1278 1018 1325 bibuntur.
1056 1278 1246 1325 Vulneri
1279 1277 1516 1324 illinuntur

233 1352 431 1398 maxime
461 1365 622 1398 contra
660 1349 954 1413 scorpionum
981 1350 1106 1399 iEtus.
1152 1352 1322 1397 Verum
1356 1362 1517 1396 contra

234 1425 470 1488 phalangia
503 1424 756 1481 commixto
778 1424 891 1471 vino
927 1441 984 1471 ex
1015 1435 1158 1471 aceto.
1187 1422 1299 1469 Aliis
1332 1438 1515 1487 quoque

233 1497 425 1544 venenis
455 1496 684 1554 resistunt,
720 1496 920 1560 exceptis
955 1514 1055 1560 quae
1086 1494 1400 1558 strangulando
1435 1509 1516 1539 ne-

233 1581 340 1616 cant
356 1605 370 1628 ,
399 1582 474 1616 aut
491 1569 543 1615 iis
563 1586 666 1631 quae
684 1570 844 1616 veficae
867 1585 1064 1616 nocent:
1091 1569 1199 1615 item
1221 1567 1516 1631 psimmythio

233 1654 445 1704 excepto.
481 1645 781 1704 Imponuntur
802 1643 852 1688 &
872 1641 1022 1689 ventri
1041 1659 1097 1687 ex
1120 1641 1251 1687 melle
1270 1653 1402 1704 atque
1417 1657 1515 1686 ace-

231 1726 284 1760 to
301 1751 317 1772 ,
340 1715 396 1760 ad
427 1714 697 1761 detrahenda
721 1714 835 1761 vitia
862 1714 970 1760 alvi.
1017 1714 1172 1761 Urinae
1203 1712 1514 1772 difficultates,

231 1784 391 1832 succus
410 1785 628 1849 emendat.
661 1786 880 1833 Cratevas
900 1801 1001 1831 eum
1025 1787 1075 1832 δε
1097 1783 1364 1849 hydropicis
1393 1783 1515 1831 obo-

230 1859 286 1906 lis
308 1859 483 1906 duobus
500 1859 567 1924 03⁰.
585 1872 714 1907 aceto
743 1861 793 1907 ὅ(
816 1858 986 1924 cyatho
1012 1859 1112 1905 vini
1135 1859 1228 1906 dari
1244 1859 1382 1922 jubet.

299 1933 499 1993 Quidam
528 1936 578 1981 &
601 1951 625 1980 e
645 1933 796 1982 sativis
820 1933 1041 1996 colligunt
1069 1932 1253 1980 succum
1275 1933 1423 1980 minus
1445 1933 1515 1980 ef-

229 2003 432 2053 ficacem.
470 2006 722 2053 Peculiares
755 2023 907 2054 earum
937 2006 1057 2053 vires
1083 2006 1245 2069 partim
1271 2006 1358 2070 jam
1389 2007 1516 2059 dietae

230 2079 363 2138 sunt,
395 2078 600 2126 somnum
641 2079 867 2138 faciendi,
905 2083 1214 2144 Veneremque
1252 2080 1514 2139 inhibendi,

231 2151 388 2199 aestum
415 2151 733 2215 refrigerandi,
762 2152 1042 2199 stomachum
1060 2153 1307 2216 purgandi,
1336 2152 1514 2217 sangui-

232 2242 338 2271 nem
369 2224 573 2288 augendi.
608 2225 718 2271 Non
739 2242 894 2290 paucae
921 2224 1114 2271 restant:
1143 2224 1514 2288 quoniam&inr

232 2295 741 2356 flationesdiscutiunt,
774 2297 1007 2361 ruEtusque
1043 2297 1165 2345 lenes
1192 2297 1377 2346 faciunt.
1415 2299 1511 2346 Nec

233 2372 324 2417 ulla
352 2389 420 2417 res
442 2371 487 2416 in
517 2370 626 2418 cibis
647 2371 907 2418 aviditatem
940 2371 1097 2418 incitat
1116 2408 1130 2430 ,
1152 2372 1416 2436 inhibetque
1435 2388 1510 2418 ea-

232 2445 360 2493 dem:
380 2445 427 2492 in
454 2443 580 2492 causa
603 2443 901 2508 alterutraque
919 2444 1078 2493 modus
1098 2444 1173 2493 est.
1194 2444 1264 2494 Sic
1291 2446 1341 2492 &
1356 2443 1507 2492 alvum
