1653 2797
249 160 346 223 338
517 156 866 203 C.PL1NII
915 156 1292 206 SECUNDI

247 268 323 316 sed
348 282 444 313 non
477 263 790 312 intumescant.
825 264 1004 311 Semina
1034 282 1136 329 quae
1161 267 1380 329 proximo
1411 269 1536 317 collo

244 339 444 397 fuerint,
472 354 683 401 proceras
716 338 925 402 pariunt:
960 339 1067 386 item
1097 339 1153 386 ab
1184 339 1284 387 imis
1302 377 1317 400 ,
1344 341 1418 388 sed
1437 360 1533 391 non

245 410 572 475 comparandas
609 410 736 474 supra
774 411 924 458 diffls:
959 429 1062 475 quar
1091 412 1137 456 in
1167 413 1345 472 medio,
1371 425 1537 462 rotun-

243 485 348 532 das:
387 501 490 548 quae
521 482 568 529 in
600 482 837 541 lateribus,
876 483 1032 530 crassas
1065 484 1402 550 brevioresque.
1437 488 1536 535 Sic-

187 578 195 581 ·
244 569 402 605 cantur
436 557 484 602 in
515 555 705 613 umbra,
733 557 783 602 ὅ(
822 571 924 601 cum
958 554 1094 601 libeat
1134 555 1301 616 serere,
1338 559 1387 605 in
1423 576 1537 623 aqua

243 641 536 679 macerantur.
575 628 726 685 Cibis,
780 643 874 690 quo
913 626 1146 690 longiores
1181 630 1534 696 tenuioresque,

243 723 303 753 eo
337 705 571 769 gratiores.
608 705 664 749 Et
694 701 755 747 ob
784 701 830 747 id
857 700 1152 760 salubriores,
1173 718 1273 765 quae
1293 705 1534 766 pendendo

243 795 462 826 crevere:
499 775 825 838 minimumque
865 773 1183 821 seminis-tales
1218 776 1415 837 habent,
1446 779 1533 827 du-

242 853 347 900 ritia
385 851 479 914 ejus
515 851 563 896 in
605 848 717 895 cibis
760 847 948 912 gratiam
982 849 1265 897 terminante.
1312 853 1397 897 Eas
1432 869 1533 916 quae

241 926 400 973 semini
437 924 704 981 serventur,
744 934 846 970 ante
881 922 1076 968 hiemem
1117 923 1304 985 praecidi
1340 941 1437 972 non
1470 927 1533 973 est

239 1015 357 1046 mos.
407 997 564 1044 Postea
599 995 728 1043 fumo
762 995 986 1042 siccantur
1005 1032 1018 1054 ‚
1057 997 1305 1044 condendis
1339 998 1530 1047 horten-

239 1071 412 1118 siorum
445 1069 688 1116 seminibus
726 1068 901 1116 rusticae
936 1067 1208 1131 supelleffili.
1246 1072 1436 1118 Inventa
1468 1073 1530 1120 est

237 1143 392 1201 ratio,
421 1159 508 1205 qua
551 1141 660 1188 cibis
703 1157 887 1204 quoque
925 1139 1236 1188 servarentur:
1277 1143 1530 1208 eodemque

238 1215 384 1262 modo
425 1212 656 1271 cucumis,
692 1213 827 1277 usque
857 1213 913 1259 ad
939 1212 1051 1260 alios
1088 1229 1214 1276 paene
1248 1228 1526 1276 proventus:

237 1290 292 1336 δε
319 1288 366 1333 id
393 1286 574 1350 quidem
602 1286 648 1331 in
681 1286 825 1332 muria
854 1285 918 1334 fit.
957 1286 1043 1332 Sed
1070 1289 1121 1334 &
1155 1287 1342 1348 scrobe,
1377 1306 1527 1354 opaco

234 1360 287 1408 in
322 1360 430 1408 loco
463 1377 595 1407 arena
621 1358 868 1417 substrato,
900 1359 1122 1423 foenoque
1151 1360 1272 1409 sicco
1311 1375 1526 1425 opertos,

236 1452 290 1482 ac
327 1434 486 1481 deinde
521 1446 670 1491 terra,
705 1432 874 1480 virides
905 1433 1070 1481 servari
1104 1434 1298 1482 tradunt.
1332 1437 1444 1484 Sunt
1474 1439 1527 1485 &

235 1505 458 1553 filvestres
487 1505 535 1550 in
555 1517 751 1568 utroque
780 1522 941 1568 genere
958 1543 972 1565 ‚
1002 1508 1051 1554 &
1072 1506 1283 1554 omnibus
1304 1506 1395 1554 fere
1417 1508 1526 1555 hor-

236 1577 401 1626 tenfiis.
432 1577 518 1623 Sed
546 1579 595 1623 &
615 1577 682 1622 his
700 1578 870 1624 medica
887 1590 1061 1624 tantum
1087 1591 1244 1625 natura
1272 1579 1348 1626 est.
1371 1581 1524 1642 Quam

234 1652 301 1699 ob
335 1667 431 1696 rem
464 1649 726 1696 differentur
757 1649 804 1695 in
836 1648 911 1695 sua
939 1650 1191 1697 volumina.

302 1724 456 1770 XXV.
488 1722 679 1785 Reliqua
706 1721 1014 1784 cartilaginum
1037 1733 1206 1768 naturae
1224 1733 1342 1769 terra
1363 1723 1522 1771 occul-

233 1806 389 1843 tantur
408 1793 572 1840 omnia.
606 1795 654 1838 ln
679 1792 840 1856 quibus
862 1793 915 1839 de
932 1792 1050 1855 rapis
1069 1793 1244 1839 abunde
1265 1793 1417 1841 dixisse
1437 1812 1521 1858 po·

232 1880 430 1915 teramus
460 1864 638 1924 videri,
673 1864 754 1911 nisi
784 1864 948 1911 medici
978 1864 1207 1912 masculini
1239 1864 1370 1913 sexus
1396 1866 1520 1916 face-

229 1951 333 1988 rent
364 1938 412 1984 in
442 1937 511 1985 his
540 1938 765 1985 rotunda:
797 1937 957 1983 latiora
989 1953 1105 1985 vero
1142 1939 1193 1986 &
1214 1953 1422 1986 concava
1449 1939 1519 1987 fe-

228 2015 416 2073 minini,
439 2013 747 2077 praestantiora
775 2012 1018 2072 suavitate,
1054 2014 1105 2061 &
1134 2012 1188 2059 ad
1208 2012 1520 2064 condiendum

228 2091 465 2138 faciliora:
498 2107 599 2154 quae
628 2089 786 2153 saepius
816 2089 903 2137 sata
921 2089 1151 2136 transeunt
1178 2088 1224 2135 in
1244 2106 1428 2138 marem.
1454 2091 1515 2138 Ii·-

228 2165 332 2211 dem
358 2181 578 2246 nagorum
596 2164 795 2227 quinque
815 2181 977 2228 genera
999 2163 1169 2210 fecere:
1192 2162 1512 2224 Corinthium,

227 2238 498 2285 Cleonaeum
515 2273 529 2296 ,
556 2237 856 2298 Liothafium,
884 2239 1141 2286 Boeoticum
1161 2275 1176 2298 ‚
1199 2241 1250 2288 &
1275 2240 1401 2303 quod
1432 2256 1512 2302 per

225 2312 269 2360 se
289 2314 437 2362 viride
470 2313 695 2361 dixerunt.
725 2316 791 2361 Ex
818 2315 872 2362 iis
905 2315 952 2360 in
988 2313 1330 2376 amplitudinem
1358 2313 1511 2361 adole-

225 2384 306 2431 scit
334 2384 663 2444 Corinthium‚
699 2386 817 2432 nuda
857 2385 948 2432 fere
990 2386 1148 2433 radice.
1196 2386 1355 2433 Solum
1387 2384 1507 2431 enim

225 2458 317 2506 hoc
345 2475 483 2523 genus
514 2458 701 2522 superne
738 2459 912 2519 tendit,
949 2475 1044 2507 non
1079 2471 1131 2508 ut
1158 2471 1301 2508 cetera
1336 2457 1384 2506 in
1410 2468 1504 2505 ter-
