1653 2797
205 148 257 196 18
469 145 525 192 e.
571 145 822 192 PL1N11
869 129 1240 196 saeuum

193 252 529 302 medicamentis
549 251 786 314 judicatur.
818 253 922 298 Ho'c
942 251 1027 298 effe
1045 250 1331 311 crediderim,
1352 256 1476 320 quod

196 327 347 375 Graeci
375 324 650 372 celebrantes
683 324 808 371 miris
835 324 1039 371 laudibus
1055 360 1069 383 ,
1095 325 1372 372 Praecianum
1401 346 1477 392 ap-

192 399 481 463 pellaverunt
500 414 556 443 ex
577 397 810 443 Adriatico
837 396 949 442 finu.
980 397 1137 443 Divus
1161 397 1386 461 Augustus
1404 401 1479 447 Se-

191 471 338 518 tinum
371 469 570 533 praetulit
605 468 805 527 cunctis,
840 469 891 515 &
921 467 1013 514 fere
1049 467 1185 516 secuti
1220 470 1480 534 principes,

197 542 393 591 confessa
415 553 603 605 propter
628 540 959 604 experimenta,
981 557 1076 588 non
1097 553 1263 589 temere
1287 545 1480 593 erudita-
1495 543 1509 595 ζ,

196 617 315 664 tibus
335 615 485 661 noxiis
505 614 561 661 ab
580 631 630 661 ea
650 613 802 660 saliva.
833 612 1041 660 Nascitur
1059 613 1187 677 supra
1205 618 1373 663 Forum
1387 622 1481 680 Ap-

197 688 274 752 pii.
304 691 449 734 Antea
474 686 675 733 Caecubo
708 701 801 732 erat
827 686 1095 749 generositas
1121 687 1408 735 celeberrima
1432 690 1482 737 in

197 759 460 825 palustribus
480 757 704 821 populetis
716 794 732 814 ‚
751 758 847 803 sinu
863 758 1120 821 Amyclano
1139 777 1149 804 :
1167 761 1293 821 quod
1307 759 1396 823 jam
1411 762 1484 808 in-

196 831 401 890 tercidit,
421 833 471 878 &
499 831 673 876 incuria
699 828 887 886 coloni,
919 829 1101 891 locique
1129 831 1354 893 angustia:
1390 849 1484 892 ma-

201 905 266 967 gis
296 915 444 949 tamen
475 900 587 946 foss'a
618 899 815 945 Neronis
834 935 848 958 ,
876 916 1010 962 quam
1038 918 1063 946 a
1091 900 1258 964 Bajano
1287 901 1389 950 lacu
1416 905 1487 950 O-

200 977 327 1023 stiam
348 973 485 1037 usque
513 971 813 1035 navigabilem
841 971 1155 1020 inchoaverat.

268 1067 308 1096 2.
338 1047 540 1095 Secunda
560 1048 772 1094 nobilitas
790 1046 981 1093 Falerno
1001 1064 1111 1110 agro
1140 1060 1234 1095 erat
1247 1084 1262 1107 ,
1278 1050 1329 1097 &
1347 1066 1404 1096 ex
1427 1067 1485 1097 eo

202 1121 396 1170 maxime
420 1119 672 1166 Faustiano.
717 1120 839 1165 Cura
869 1121 1129 1181 culturaque
1157 1120 1204 1167 id
1229 1122 1485 1186 collegerat.

203 1193 432 1243 Exolescit
449 1194 539 1240 hoc
555 1209 766 1256 quoque,
782 1191 926 1255 copiae
940 1190 1108 1254 potius,
1128 1209 1259 1254 quam
1273 1195 1488 1255 bonitati,

205 1266 489 1315 studentium.
524 1265 732 1310 Falernus
759 1280 860 1326 ager
886 1280 911 1308 a
936 1275 1078 1324 ponte
1107 1264 1343 1328 Campano
1371 1266 1490 1314 laeva

203 1339 460 1404 petentibus
482 1337 709 1385 Urbanam
733 1335 962 1382 coloniam
988 1334 1214 1382 Sullanam
1241 1355 1384 1401 nuper
1400 1341 1491 1387 Ca-

204 1430 309 1476 puae
330 1410 637 1459 contributam
660 1408 834 1471 incipit.
861 1407 1114 1455 Faustianus
1137 1419 1287 1457 autem
1313 1413 1492 1459 circiter

206 1496 405 1549 quatuor
439 1482 647 1530 milliaria
676 1481 790 1529 vico
823 1497 969 1543 prope
997 1480 1178 1541 Cedias,
1201 1483 1280 1546 qui
1305 1484 1434 1531 vicus
1466 1503 1492 1531 a

207 1557 407 1604 Sinuessa
434 1570 488 1601 vt
516 1555 714 1601 millibus
741 1553 871 1599 abest.
907 1554 1004 1600 Nec
1026 1552 1107 1599 ulli
1130 1552 1178 1599 in
1203 1554 1321 1603 vino
1346 1555 1493 1617 major

210 1629 478 1678 aucloritas:
503 1627 601 1682 solo
623 1628 845 1674 vinorum
873 1626 1051 1673 flamma
1078 1626 1350 1674 accenditur.
1384 1629 1494 1676 Tria

208 1701 304 1764 ejus
333 1718 524 1765 genera,
553 1698 799 1759 austerum,
829 1699 956 1747 dulce
972 1735 990 1757 ,
1020 1710 1166 1746 tenue.
1204 1699 1402 1759 Quidam
1429 1700 1493 1748 ita

211 1774 489 1838 distinguunt
507 1793 517 1821 ε
539 1772 717 1820 summis
742 1772 934 1820 collibus
957 1774 1217 1819 Gauranum
1236 1774 1382 1837 gigni,
1400 1790 1495 1820 me*-
1555 1781 1560 1785 ’

213 1848 297 1894 diis
324 1847 633 1905 Faustianum,
654 1846 752 1893 imis
778 1839 1166 1893 FalernumrNon
1193 1846 1494 1893 omittendum

215 1931 364 1966 autem
377 1954 392 1976 ,
415 1918 530 1965 nulli
548 1934 706 1964 eorum
729 1934 828 1981 quae
845 1916 1148 1976 celebrentur,
1165 1915 1414 1979 jucundum
1433 1915 1499 1963 sa-

214 2006 375 2054 porem
403 2007 508 2038 uvae
536 1990 634 2038 effe.
838 2010 855 2031 s

286 2078 327 2123 3.
347 2062 418 2109 Ad
438 2063 615 2109 tertiam
634 2062 827 2125 palmam
844 2063 971 2111 varie
994 2078 1161 2111 venere
1185 2062 1358 2109 Albana
1380 2059 1496 2108 Urbi

218 2133 372 2183 vicina
385 2170 399 2192 ,
420 2134 686 2196 praedulcia,
708 2152 759 2182 ac
779 2152 878 2181 rara
895 2135 941 2181 in
963 2133 1152 2182 austero.
1182 2136 1291 2180 Item
1311 2134 1497 2178 Surren-

217 2206 312 2253 tina
343 2205 391 2251 in
417 2204 564 2251 vineis
591 2217 765 2252 tantum
797 2207 1050 2265 nascentia,
1080 2204 1497 2254 convalescentibus

217 2276 412 2324 maxime
433 2276 651 2338 probata,
674 2289 863 2340 propter
888 2277 1150 2324 tenuitatem
1175 2277 1496 2324 salubritatem-

217 2366 319 2412 que.
341 2347 550 2394 Tiberius
569 2348 716 2394 Caesar
735 2349 910 2396 dicebat
929 2348 1190 2396 consenfiss'e
1206 2347 1424 2401 1nedic05‚
1444 2355 1496 2391 ut

218 2423 501 2472 nobilitatem
532 2423 797 2472 Surrentino
833 2423 1016 2485 darent,
1045 2421 1220 2488 alioqui
1248 2418 1330 2469 effe
1364 2433 1498 2486 gene-
