1653 2797
213 187 299 249 258
479 186 534 231 (ῖ.
585 185 839 230 PLINII
891 185 1263 239 SECUNDI·

201 294 293 341 levi
327 292 449 340 sulco
491 292 706 355 integunt.
765 293 833 339 Ex
870 292 1071 339 densiore
1103 305 1218 340 terra
1255 292 1480 341 rubricam

203 367 395 412 maxime
427 375 556 412 amat.
590 365 660 410 Ad
685 365 797 411 hanc
824 365 1022 411 alendam
1055 364 1156 427 post
1186 364 1366 411 tertium
1390 365 1480 411 flo-

204 456 296 484 rem
334 438 454 484 verti
489 438 645 496 dehet,
674 437 720 483 in
753 437 907 484 sabulo
942 437 1042 500 post
1074 437 1327 484 secundum.
1365 437 1480 484 Cre-

203 508 299 554 tosa
336 521 509 554 temtum
528 544 541 565 ‚
571 507 817 571 limosaque
846 507 943 553 odit
962 543 976 564 ‚
1001 511 1050 554 &
1086 507 1131 553 in
1161 508 1213 554 iis
1239 524 1336 553 non
1368 523 1480 570 pro-

202 581 343 628 venit.
378 583 653 627 Maceratum
691 581 831 628 calida
867 597 981 642 aqua
1015 580 1189 626 homini
1221 597 1403 644 quoque
1431 580 1480 626 in

203 654 308 701 cibo
338 653 412 699 est.
448 655 562 699 Nam
586 654 756 700 bovem
781 668 919 697 unum
947 651 1090 696 modii
1113 651 1270 715 finguli
1297 652 1479 709 satiant,

203 727 490 789 validumque
513 726 742 789 praestant:
763 724 944 786 quando
961 723 1093 769 etiam
1110 723 1367 786 impofitum
1384 742 1482 787 pue·

203 815 360 844 rorum
381 798 617 845 ventribus
633 832 646 854 ‚
665 812 748 858 pro
775 795 974 841 remedio
1002 794 1075 840 est.
1113 796 1266 842 Condi
1287 797 1333 842 in
1353 797 1481 844 fumo

205 869 397 917 maxime
438 867 679 924 convenit,
708 865 925 928 quoniam
951 865 998 910 in
1029 865 1217 912 humido
1246 866 1484 916 vermiculi

204 942 469 988 umbilicum
494 939 589 1001 ejus
607 939 652 984 in
677 937 946 984 sterilitatem
964 938 1163 984 castrant.
1193 938 1237 983 Si
1257 938 1482 1001 depastum

205 1015 256 1060 fit
287 1014 331 1059 in
369 1012 561 1069 fronde,
587 1011 750 1056 inarari
784 1010 992 1073 protinus
1026 1010 1169 1056 solum
1197 1027 1312 1073 opus
1345 1012 1418 1058 est.

272 1088 510 1134 XXXVII.
545 1087 601 1131 Et
630 1084 749 1131 vicia
779 1083 1074 1147 pinguescunt
1101 1101 1235 1142 arva,
1269 1101 1352 1131 nec
1387 1085 1479 1148 ipsa

206 1159 415 1225 agricolis
434 1156 646 1221 operosa:
673 1173 768 1203 uno
787 1156 908 1203 sulco
930 1156 1036 1214 sata,
1056 1173 1151 1203 non
1173 1156 1370 1216 sarritur,
1385 1176 1480 1204 non

207 1233 507 1288 stercoratur,
540 1246 622 1275 nec
658 1227 776 1275 aliud
819 1246 954 1292 quam
988 1229 1243 1276 deoccatur.
1285 1231 1482 1277 Sationis

206 1304 299 1366 ejus
327 1304 411 1350 tria
436 1316 666 1365 tempora:
703 1302 836 1348 Circa
860 1301 1068 1348 occasum
1088 1302 1287 1360 Arfihtri,
1315 1316 1364 1349 ut
1381 1303 1481 1350 De-

207 1376 377 1425 cembri
413 1374 560 1422 mense
595 1373 767 1436 pascat:
800 1386 909 1420 tunc
942 1373 1112 1436 optime
1146 1373 1300 1420 seritur
1333 1375 1381 1420 in
1413 1375 1481 1421 se-

207 1469 325 1498 men.
372 1452 517 1514 AEque
551 1465 744 1512 namque
781 1448 865 1494 fert
898 1448 1085 1510 depasta.
1132 1449 1334 1496 Secunda
1370 1448 1483 1496 satio

207 1524 354 1571 mense
373 1524 579 1572 Januario
600 1523 684 1569 est:
708 1522 945 1568 noviffima
962 1522 1149 1568 Martio:
1170 1534 1267 1568 tum
1283 1522 1339 1567 ad
1356 1520 1480 1579 fron-

208 1597 309 1643 dem
336 1595 571 1643 utiliffirna.
599 1594 853 1640 Siccitatem
871 1611 927 1639 ex
946 1594 1154 1639 omnibus
1169 1629 1183 1651 ‚
1202 1612 1304 1657 quae
1334 1594 1480 1641 serun-

207 1683 281 1717 tur
300 1706 314 1728 ‚
342 1668 535 1716 maxime
553 1678 693 1713 amat:
724 1682 819 1711 non
852 1665 1107 1728 aspernatur
1135 1665 1267 1710 etiam
1297 1667 1482 1712 umbro-

207 1744 263 1791 sa.
289 1747 358 1790 Ex
391 1742 554 1789 semine
586 1740 706 1802 ejus,
743 1740 773 1785 fi
799 1740 907 1786 leem
933 1756 1105 1786 matura
1131 1738 1220 1797 est,
1252 1739 1378 1801 palea
1405 1756 1479 1786 ρετ

208 1817 312 1863 teris
344 1814 591 1879 praefertur.
626 1813 802 1859 Viribus
831 1812 1029 1875 praeripit
1058 1811 1263 1859 succum:
1297 1813 1480 1875 langue-

211 1890 425 1951 scuntque
441 1924 454 1946 ‚
477 1887 508 1933 fi
538 1887 585 1932 in
605 1885 784 1931 arbusto
814 1884 989 1931 seratur.

277 1961 535 2008 XXXVIII.
555 1960 652 2004 Nec
677 1957 776 2003 ervi
804 1957 991 2020 operosa
1024 1973 1130 2003 cura
1157 1955 1231 2002 est„
1265 1955 1367 2003 Hoc
1391 1974 1481 2003 am-

210 2034 356 2097 plius,
378 2049 509 2096 quam
530 2031 648 2077 vicia
665 2066 678 2088 ‚
699 2042 932 2076 runcatur:
954 2032 1002 2076 δε
1025 2029 1164 2091 ipsum
1181 2029 1483 2077 medicaminis

211 2105 308 2151 vim
341 2103 565 2149 obtinens.
606 2101 788 2162 Quippe
813 2117 892 2162 per
928 2118 1086 2147 ervum
1121 2101 1297 2147 Divum
1325 2103 1480 2165 Augu-

210 2177 323 2223 stum
345 2188 572 2231 curatum,
593 2174 788 2235 epistolis
817 2174 949 2236 ipfius
968 2174 1183 2219 memoria
1209 2174 1358 2221 exstat.
1379 2174 1480 2220 Suf-

210 2250 367 2297 ficiunt
392 2248 573 2312 smgulis
596 2248 738 2293 boum
763 2246 876 2309 jugis
906 2247 1047 2292 modii
1078 2246 1204 2309 quini
1228 2245 1319 2293 sati.
1357 2248 1477 2293 Mar-

185 2324 276 2369 ·tio
313 2320 461 2368 mense
494 2318 654 2375 satum,
690 2319 878 2363 noxium
909 2318 991 2363 effe
1025 2319 1165 2363 bubus
1196 2315 1348 2380 ajuht,
1373 2319 1477 2365 item

210 2406 425 2439 autumno
454 2389 820 2454 gravedinosum:
843 2391 1077 2436 innoxium
1105 2404 1249 2438 autem
1277 2389 1369 2436 fieri
1390 2391 1475 2452 pri·

212 2479 287 2509 mo
322 2480 426 2510 vere
461 2462 614 2508 satum.
