1653 2797
317 193 1133 244 NATUR.H18TOR.LIB.
1174 192 1330 239 le.
1416 209 1466 255 ις

192 319 360 352 nomen
391 323 415 352 a
446 301 648 350 mensura
687 300 763 348 est.
815 303 925 347 Item
955 301 1147 366 scirpula
1176 301 1296 366 passo
1326 300 1478 348 acino.

192 384 248 428 Et
273 380 470 427 Rhaetica
494 377 540 423 in
563 376 796 423 maritimis
816 376 1006 439 Alpibus
1032 376 1276 439 appellata,
1298 375 1480 422 diffimi-

192 454 246 501 lis
270 453 456 500 laudatae
485 450 561 497 illi.
600 451 806 513 Namque
829 449 927 496 haec
955 449 1109 497 brevis
1125 485 1139 507 ‚
1162 449 1368 497 conferta
1391 449 1481 497 aci·

193 543 286 583 n0‚
313 525 504 588 degener
536 523 679 582 vino,
714 523 787 570 secl
817 533 919 571 cute
954 522 1161 569 omnium
1195 524 1479 584 tenuiffima‚

189 600 375 658 nucleo,
399 615 532 663 quem
552 597 721 644 Chium
746 608 941 655 vocant,
958 613 1057 643 uno
1077 613 1128 642 ac
1151 597 1342 643 minimo
1355 634 1371 655 ‚
1390 598 1481 645 aci-

190 690 300 720 num
331 671 639 736 praegrandem
667 687 807 716 unum
839 669 1090 728 alterumve
1117 669 1301 717 habens.
1337 670 1410 717 Est
1429 672 1483 718 &

192 746 319 810 nigra
329 745 564 792 Amminea
577 781 590 802 ,
605 743 678 791 cui
691 742 888 808 Syriacae
906 759 1076 789 nomen
1092 742 1352 805 imponunt.
1369 745 1481 790 Item

194 819 391 883 Hispana
424 817 697 882 ignobilium
729 815 1049 879 probatissima.

259 914 303 959 9.
335 898 383 942 In
409 893 604 958 pergulis
629 909 744 941 vero
778 893 982 939 seruntur
1010 892 1186 940 escariae
1220 892 1479 956 appellatae,

193 986 218 1016 e
252 967 507 1025 duracinis,
539 967 650 1012 albae
685 966 946 1029 nigraeque:
985 967 1036 1012 ὅτ,
1071 966 1258 1012 bumasti
1290 966 1481 1029 totidem

195 1039 457 1087 coloribus:
487 1054 538 1084 ac
568 1038 773 1083 nondum
803 1037 929 1084 dfiae
952 1038 1107 1102 AEgia‚
1135 1040 1185 1085 δε
1209 1038 1411 1098 Rhodia,
1434 1042 1485 1088 δε

193 1110 411 1169 uncialis,
442 1109 571 1156 velut
604 1126 630 1155 a
655 1110 858 1172 pondere
886 1108 1018 1156 acini.
1064 1112 1172 1156 Item
1200 1109 1352 1172 picina
1378 1127 1482 1157 om-

195 1183 324 1231 nium
350 1182 618 1246 nigerrima:
643 1184 693 1230 &
717 1181 964 1228 coronario
991 1193 1160 1228 naturae
1187 1181 1283 1228 lusu
1306 1182 1485 1245 stepha-

196 1258 326 1314 nius,
345 1256 502 1303 acinos
526 1253 649 1300 foliis
671 1252 1043 1305 intercusantibus
1063 1271 1074 1298 ε
1096 1256 1144 1300 &
1161 1270 1263 1315 quae
1284 1253 1482 1303 forenses

196 1324 448 1384 vocantur,
483 1325 648 1372 celeres
683 1335 945 1386 proventu,
970 1323 1222 1370 vendibiles
1251 1324 1485 1388 adspedlu,

195 1411 382 1465 portatu
411 1397 577 1445 faciles.
622 1396 800 1443 Contra
832 1395 1097 1442 damnantur
1127 1395 1260 1442 etiam
1289 1396 1389 1444 visu
1420 1399 1487 1446 ci-

195 1490 356 1533 nerea,
391 1474 442 1520 &
472 1470 734 1528 rabuscula,
762 1470 812 1517 &
845 1469 1042 1517 afinusca
1069 1489 1079 1516 ε
1115 1470 1264 1517 minus
1299 1482 1449 1519 tamen
1468 1509 1484 1532 ‚

196 1546 355 1595 caudas
375 1545 585 1608 vulpium
610 1544 808 1601 imitata,
827 1543 1042 1606 alopeciS.
1075 1544 1383 1591 Alexandrina
1409 1563 1485 1608 ap-

195 1619 387 1683 pellatur
412 1618 520 1667 vitis
548 1618 668 1665 circa
693 1617 948 1664 phalacram
982 1617 1163 1675 brevis,
1195 1618 1329 1664 ramis
1363 1619 1489 1666 cubi—-

197 1691 382 1750 talibus,
402 1690 536 1738 acino
554 1691 685 1754 nigro
706 1689 816 1742 sabae
835 1689 1164 1754 magnitudine,
1184 1690 1351 1737 nucleo
1369 1691 1489 1737 mol—

198 1766 231 1812 li
260 1767 311 1814 &
337 1765 555 1823 minimo,
576 1763 774 1828 obliquis
801 1763 988 1811 racemis
1015 1764 1335 1826 praedulcibus,
1366 1763 1485 1811 folio

200 1855 347 1902 parvo
369 1840 418 1886 δε
440 1837 642 1884 rotundo
656 1873 670 1895 ‚
695 1837 785 1883 fine
806 1835 1027 1883 divisuris.
1055 1836 1256 1899 Septimo
1276 1835 1383 1882 hinc
1404 1853 1486 1883 an-

201 1928 285 1970 no,
299 1912 346 1957 in
364 1911 667 1958 Narbonensis
686 1910 943 1974 provinciae
964 1909 1077 1956 Alba
1094 1909 1277 1968 Helvia,
1299 1908 1487 1956 inventa

201 1984 265 2031 est
278 1985 384 2032 vitis
402 2002 497 2032 uno
515 1985 586 2033 die
601 1984 915 2033 deflorescens:
933 1984 996 2031 ob
1011 1984 1053 2030 id
1075 1983 1294 2031 tutissima.
1314 1983 1486 2029 Narbo-

203 2057 350 2104 nicam
370 2069 569 2118 vocant,
591 2075 727 2123 quam
747 2075 868 2106 nunc
893 2069 990 2104 tota
1011 2056 1252 2119 provincia
1274 2055 1485 2103 conserit.

270 2132 326 2177 V.
357 2131 586 2177 Catonum
620 2131 694 2177 ille
721 2130 891 2195 primus
909 2167 923 2190 ‚
950 2129 1182 2193 triumpho
1208 2130 1257 2176 &
1285 2126 1489 2175 Censura

202 2200 334 2265 super
361 2216 505 2251 cetera
534 2203 743 2268 insignis,
763 2205 900 2268 magis
921 2216 1070 2250 tamen
1095 2203 1338 2250 etiamnum
1363 2200 1490 2248 clari-

205 2287 293 2321 tate
322 2275 547 2326 literarum
565 2313 579 2336 ‚
598 2277 921 2341 praeceptisque
948 2276 1153 2323 omnium
1178 2291 1326 2322 rerum
1352 2289 1491 2335 expe-

206 2347 442 2395 tendarum
467 2349 580 2396 datis
607 2350 759 2414 generi
787 2350 1030 2407 Romano,
1060 2349 1178 2395 inter
1206 2347 1349 2410 prima
1373 2363 1491 2394 vero

204 2438 363 2486 agrum
400 2421 612 2481 colendi,
640 2423 760 2472 illius
791 2422 881 2470 aevi
907 2421 1186 2469 confeffione
1212 2420 1412 2483 optimus
1440 2437 1492 2466 ac

206 2495 298 2556 sine
323 2493 488 2557 aetnulo
519 2495 715 2559 agricola
731 2531 746 2557 ,
769 2512 910 2559 pauca
936 2495 1083 2558 attigit
1108 2493 1274 2545 vitium
1303 2508 1493 2557 genera,
