1653 2797
236 152 326 215 366
479 149 536 198 c,
586 148 852 196 PL1N11
901 148 1283 198 SECUNm

230 261 342 307 nire.
365 261 482 320 Quae
505 257 603 304 sunt
624 257 833 305 silvestria
851 292 864 315 ,
891 258 1043 304 eadem
1071 256 1118 304 in
1145 257 1298 305 sativis
1326 253 1513 307 sicciora

233 333 543 395 intelliguntur
557 368 570 390 ,
593 334 641 379 ὅ(
660 331 847 378 acriora⁶

296 405 414 450 LXI.
445 405 650 467 Namque
673 405 722 450 &
742 403 978 450 succorum
995 402 1293 466 saporumque
1321 402 1512 451 dicenda

230 476 474 524 differentia
495 478 585 535 est,
604 479 678 524 vel
704 476 850 539 major
880 477 924 521 in
947 476 1018 522 his
1048 493 1183 540 quam
1210 476 1372 539 pomis.
1398 479 1512 525 Sunt

231 562 374 596 nutem
420 567 540 596 acres
563 610 565 613 Ι
584 550 743 597 cunilae
772 587 784 607 ‚
822 549 978 612 organi
1001 585 1014 606 ,
1057 550 1260 597 nasturtii
1278 585 1292 609 ‚
1338 550 1514 613 finapis.

228 622 380 668 Amari
396 660 411 680 ‚
434 623 638 669 absmthii
656 659 669 680 ‚
690 622 927 670 centaurei.
948 621 1177 685 Aquatiles
1191 659 1206 679 ,
1231 624 1480 670 cucumeris
1494 658 1509 681 ‚

229 695 474 742 cucurbitae
489 732 502 754 ,
522 695 715 742 lactucae.
737 695 898 751 Acuti,
918 694 1067 758 thymi
1084 730 1097 752 ,
1119 695 1295 742 cunilae.
1315 695 1512 744 Acuti&

227 771 435 828 odorati,
457 770 544 832 apii
563 805 576 828 ,
600 769 779 826 anethi,
794 764 1020 814 foeniculi.
1046 767 1186 814 Salsus
1203 780 1378 813 tantum
1399 784 1423 813 e
1444 767 1511 813 sa-

229 845 419 908 poribus
449 859 542 888 non
570 840 788 898 nascitur,
811 840 1048 902 aliquando
1078 852 1204 886 extra
1235 839 1382 886 infidit
1403 839 1507 903 pul-

226 917 352 963 veris
368 917 509 961 modo
528 950 542 972 ‚
565 926 616 960 ut
642 914 871 961 cicerculis
887 924 1076 960 tantum.

291 990 427 1035 LXII.
449 989 593 1047 Atque
612 1003 662 1033 ut
679 987 948 1050 intelligatur
964 1003 1082 1033 vana
1097 1023 1111 1044 ,
1133 1003 1214 1033 ceu
1227 986 1508 1051 plerumque,

225 1064 337 1110 vitae
351 1060 591 1124 persuasio:
611 1077 753 1122 panax
772 1059 935 1124 piperis
950 1058 1153 1122 saporem
1170 1059 1314 1105 reddit
1327 1096 1340 1117 ‚
1354 1061 1508 1107 &ma-

226 1136 293 1199 gis
315 1134 447 1180 etiam
467 1131 757 1195 siliquastrum
774 1168 787 1191 ,
812 1133 874 1178 ob
893 1132 938 1178 id
961 1131 1209 1195 piperitidis
1232 1132 1417 1178 nomine
1431 1148 1504 1179 ac·

226 1221 375 1272 cepto.
389 1205 618 1253 Libanotis
637 1206 827 1252 odorem
845 1207 1007 1265 thuris,
1022 1206 1270 1271 smyrnium
1288 1206 1505 1268 myrrhae.

225 1274 301 1328 De
324 1295 490 1343 panace
515 1278 691 1325 abunde
715 1278 881 1325 dicium
907 1279 981 1326 est.
1017 1279 1250 1327 Libanotis
1279 1278 1393 1326 locis
1422 1295 1506 1341 pu·

221 1354 364 1400 tribus
390 1354 440 1399 &
456 1351 616 1398 macris
629 1368 680 1398 ac
695 1350 880 1398 roscidis
901 1351 1058 1399 seritur
1081 1349 1258 1400 semine.
1287 1352 1503 1399 Radicem

220 1425 353 1472 habet
379 1423 558 1470 olusatri
575 1460 588 1481 ‚
611 1424 723 1470 nihil
741 1441 764 1470 a
783 1424 912 1471 thure
939 1424 1232 1471 differentem.
1264 1423 1378 1472 Usus
1404 1422 1499 1484 ejus

220 1497 322 1561 post
348 1513 516 1542 annum
548 1496 780 1542 stomacho
813 1496 1137 1545 saluberrimus.
1172 1497 1372 1558 Quidam
1404 1513 1502 1543 eam

222 1568 408 1615 nomine
440 1567 529 1613 alio
561 1566 852 1613 rosmarinum
884 1569 1122 1630 appellant.
1159 1571 1215 1615 Et
1246 1568 1498 1632 smyrnium

221 1642 324 1688 olus
346 1640 502 1687 seritur
524 1638 671 1685 iisdem
699 1638 812 1685 locis
828 1675 842 1696 ‚
861 1639 1184 1703 myrrhamque
1215 1640 1363 1686 radice
1388 1639 1496 1685 resi-

220 1716 303 1778 pit.
324 1714 489 1761 Eadem
514 1714 563 1759 &
589 1712 835 1775 iiliquastro
859 1711 984 1759 satio.
1014 1712 1203 1775 Reliqua
1219 1729 1243 1757 a
1263 1711 1420 1757 ceteris
1448 1713 1498 1758 &

221 1789 366 1835 odore
394 1787 445 1833 δε
471 1784 625 1847 sapore
654 1784 864 1831 differunt
881 1821 895 1843 ,
922 1795 973 1832 ut
999 1785 1222 1831 anethum„
1261 1784 1498 1846 Tantaque

219 1860 282 1908 est
318 1858 548 1905 diversitas
581 1870 716 1922 atque
746 1859 816 1905 vis
834 1894 847 1916 ,
878 1870 927 1904 ut
954 1875 1049 1905 non
1078 1857 1224 1904 solum
1252 1857 1375 1904 aliud
1404 1857 1495 1904 alio

220 1944 415 1980 mutetur
434 1967 448 1989 ,
476 1929 549 1976 sed
574 1930 706 1977 etiam
734 1930 778 1976 in
806 1943 952 1978 totum
982 1930 1217 1978 auferatur.
1253 1929 1372 1992 Apio
1402 1929 1496 1975 exi·

220 2017 348 2053 munt
364 2004 503 2066 coqui
525 2002 723 2050 obsoniis
745 2016 920 2050 acetum
938 2022 948 2050 z
967 2004 1128 2051 eodem
1146 2002 1312 2050 cellarii
1330 2001 1376 2048 in
1403 2000 1497 2050 sac·-

221 2079 284 2128 cis
305 2078 496 2124 odorem
519 2077 632 2123 vino
651 2093 845 2138 gravem.

285 2153 339 2197 Et
369 2150 577 2196 hacilenus
604 2150 826 2195 hortensia
854 2149 966 2196 diua
992 2149 1104 2206 fint,
1127 2149 1331 2196 ciborum
1355 2146 1493 2212 gratia

220 2226 465 2273 dumtaxat.
487 2224 734 2270 Maximum
756 2225 936 2287 quidem
956 2240 1069 2286 opus
1087 2223 1134 2269 in
1151 2221 1302 2269 iisdem
1323 2239 1492 2269 naturae

220 2299 350 2345 restat
363 2333 376 2354 ‚
396 2295 612 2359 quoniam
635 2308 883 2357 proventus
902 2307 1073 2341 tantum
1089 2294 1234 2342 adhuc
1253 2329 1267 2352 ‚
1285 2292 1492 2341 summas-³

219 2385 306 2432 que
324 2367 524 2432 quasdam
542 2367 841 2413 tractavimus.
868 2370 985 2413 Vera
1007 2379 1152 2413 autem
1177 2365 1386 2430 cujusque
1409 2383 1490 2412 na-

221 2454 319 2487 tura
348 2457 441 2488 non
468 2439 547 2486 nisi
573 2438 746 2488 medico
767 2438 924 2486 effeffii
950 2438 1158 2502 pernosci
1183 2438 1359 2503 potest,
1376 2451 1490 2501 opus
