1653 2797
275 134 563 183 NATUR.
600 132 900 181 HtsToa.
938 135 1072 180 ΜΒ.
1111 134 1264 180 XIX.
1356 149 1415 195 34

155 243 330 292 minum
347 242 628 298 intervallis:
663 241 785 287 inula
809 258 865 287 ne
889 242 1037 289 minus
1057 259 1189 307 quam
1207 255 1447 289 ternorum

116 324 127 330 “
154 318 322 380 pedum
341 353 355 376 ‚
401 316 618 380 quoniam
661 312 852 376 spatiose
899 313 1096 362 fruticat.
1143 314 1258 362 Siser
1297 326 1448 363 autem

154 390 393 450 transferre
416 387 591 435 melius.

219 465 380 513 XXX.
414 461 624 509 Proxima
648 460 715 508 his
746 460 808 508 est
833 460 1079 508 bulborum
1109 476 1267 511 natura
1285 501 1298 522 ‚
1328 479 1447 528 quos

156 536 276 592 Cato
311 535 359 581 in
383 533 537 596 primis
569 531 779 580 serendos
803 533 1020 596 praecepit
1039 570 1053 591 ‚
1085 535 1314 584 celebrans
1341 538 1446 582 Me-

153 607 344 672 garicos.
386 608 556 652 Verum
593 605 865 652 nobiliffima
905 604 967 651 est
1000 604 1149 663 scilla,
1189 624 1447 671 quanquam

151 679 439 728 medicamini
477 692 610 739 nata,
647 693 866 743 acetoque
902 681 1181 728 exacuendo.
1226 684 1323 730 Nec
1360 682 1446 729 ulli

153 754 402 818 amplitudo
425 753 569 816 major
587 791 601 813 ‚
631 754 744 802 ficut
772 771 855 802 nec
885 754 958 802 vis
978 754 1189 817 asperior.
1229 757 1342 804 Duo
1362 774 1443 820 ge-

123 881 126 885 ,
152 845 258 874 nera
290 826 493 874 medica:
525 827 749 874 masculus
778 827 888 874 albis
910 827 1033 874 foliis
1050 863 1063 885 ,
1096 828 1263 875 semina
1284 830 1446 893 nigris.

152 903 210 947 Et
239 900 420 946 tertium
459 917 597 963 genus
630 900 691 946 est
726 900 837 947 cibis
872 914 1081 964 gratum:
1117 901 1445 963 epimenidium

153 984 378 1029 vocatur,
407 970 634 1034 angustius
666 969 813 1028 folio,
846 987 897 1017 ac
914 970 1064 1017 minus
1093 969 1263 1033 aspero.
1298 972 1445 1018 Semi-

152 1045 222 1091 nis
242 1044 487 1108 plurimum
507 1044 734 1091 omnibus.
766 1043 969 1090 Celerius
987 1057 1138 1091 tamen
1160 1045 1446 1108 proveniunt

145 1116 252 1164 ,satae
286 1117 432 1164 bulbis
460 1117 578 1164 circa
611 1116 745 1163 latera
771 1118 900 1164 natis.
936 1119 993 1164 Et
1020 1128 1070 1163 ut
1101 1117 1328 1178 crescant,
1364 1118 1445 1164 fo-

150 1189 210 1236 lia
242 1207 342 1254 quae
379 1189 478 1236 sunt
513 1189 582 1237 his
607 1189 778 1252 ampla,
814 1189 989 1236 deflexa
1021 1189 1140 1237 circa
1171 1192 1444 1241 obruuntur.

151 1265 216 1310 Ita
252 1262 432 1310 succum
470 1279 652 1308 omnem
684 1263 731 1308 in
765 1260 807 1308 se
840 1261 1023 1309 trahunt
1064 1262 1221 1326 capita.
1269 1265 1445 1327 Sponte

151 1335 394 1384 nascuntur
417 1335 713 1398 copiofiffime
746 1335 794 1381 in
816 1335 1068 1382 Balearibus
1101 1335 1339 1400 Ebusoque
1370 1337 1444 1382 in-

151 1409 254 1458 sulis
274 1445 287 1467 ,
315 1427 366 1456 ac
387 1426 466 1472 per
488 1409 738 1472 Hispanias.
765 1412 920 1457 Unum
939 1409 992 1456 de
1013 1409 1064 1457 iis
1085 1410 1306 1457 volumen
1327 1427 1444 1457 con-

151 1483 268 1530 didit
307 1484 588 1547 Pythagoras
623 1482 952 1546 philosophus,
989 1483 1209 1547 colligens
1245 1484 1445 1532 medicas

153 1556 302 1614 vires,
337 1572 446 1619 quas
465 1555 679 1618 proximo
697 1555 931 1601 reddemus
961 1554 1096 1601 libro.
1125 1554 1317 1619 Reliqua
1335 1556 1441 1602 bul-

151 1629 315 1675 borum
340 1643 502 1691 genera
532 1625 742 1672 differunt
770 1625 958 1684 colore,
984 1624 1316 1688 magnitudine,
1337 1625 1443 1673 sua-

152 1702 306 1749 vitate.
344 1700 528 1763 Quippe
554 1718 663 1747 cum
690 1700 874 1763 quidam
906 1698 1033 1746 crudi
1066 1699 1363 1759 mandantur,
1391 1711 1443 1747 ut

151 1775 203 1822 in
222 1772 509 1822 Cherroneso
528 1773 736 1820 Taurica.
766 1772 871 1819 Post
899 1772 983 1818 hos
1004 1772 1052 1817 in
1069 1771 1221 1817 Attica
1238 1773 1330 1819 nati
1349 1791 1443 1821 ma-

153 1849 276 1895 xime
295 1847 553 1906 laudantur,
573 1865 684 1894 mox
701 1848 852 1912 Apuli.
888 1849 1068 1894 Genera
1089 1846 1241 1893 Graeci
1262 1847 1356 1895 haec
1377 1848 1446 1895 fe-

155 1938 254 1968 cere
273 1939 283 1967 :
305 1915 525 1966 Bulbinen
542 1956 555 1978 ,
575 1920 778 1967 setanion
792 1957 806 1979 ‚
827 1920 1052 1985 pyfflion,
1072 1920 1343 1967 acrocorion
1360 1958 1373 1978 ‚
1393 1939 1447 1968 ae*

151 1994 322 2057 gilopa,
338 1991 650 2056 fisyrinchion.
669 1996 719 2040 In
740 1993 829 2040 hoc
848 1994 1011 2040 mirum
1031 1992 1140 2039 imas
1161 1991 1254 2055 ejus
1269 1995 1444 2053 radices

156 2065 350 2112 crescere
369 2063 536 2110 hieme:
561 2081 707 2110 verno
725 2075 888 2123 autem,
905 2081 1007 2110 cum
1025 2064 1278 2128 apparuerit
1294 2066 1441 2123 viola,

154 2137 295 2185 minui
316 2140 363 2185 &
383 2136 610 2195 contrahi,
633 2148 727 2184 tum
748 2137 907 2184 deinde
929 2137 1119 2184 bulbum
1133 2137 1443 2202 pinguescere..

219 2211 292 2258 Est
323 2212 439 2258 inter
471 2228 633 2277 genera
667 2214 717 2259 &
743 2213 869 2276 quod
897 2212 943 2258 in
969 2214 1175 2277 AEgypto
1210 2229 1327 2259 aron
1347 2229 1444 2260 vo·-

156 2299 286 2345 cant,
322 2286 453 2334 scillae
485 2287 747 2350 proximum
784 2287 1106 2351 amplitudine,
1151 2286 1273 2334 foliis
1315 2286 1442 2350 lapa-

155 2360 253 2418 thi,
304 2360 430 2408 caule
463 2362 586 2408 recto
624 2362 762 2409 duum
808 2361 1099 2421 cubitorum,
1139 2360 1289 2413 baculi
1321 2360 1442 2407 cras-

154 2433 372 2493 titudine,
417 2435 565 2483 radice
609 2435 836 2484 mollioris
875 2448 1048 2483 naturae
1077 2470 1091 2492 ,
1141 2451 1241 2497 quae
1284 2434 1441 2491 edatur

1059 2508 1099 2554 Y
1148 2524 1181 2568 4
