1653 2797
325 193 1263 244 NATUR.H15TOR.L113.XX.
1344 210 1432 252 421

161 316 234 368 gat
265 303 452 351 dimidio
487 301 721 351 acetabulo
761 301 807 347 in
845 301 1005 348 mulso.
1047 301 1171 348 Folia
1199 301 1302 348 trita
1335 319 1438 349 curn

161 375 266 423 oleo
282 411 296 432 ,
321 393 497 441 argema
517 375 824 437 jumentorum
845 374 1010 422 sanant.
1042 375 1189 422 Radix
1217 375 1438 422 acetabuli

160 448 364 496 mensura
393 450 518 496 costa
538 448 586 494 in
616 447 791 494 duobus
815 446 1012 494 sextariis
1031 449 1086 494 ad
1104 448 1306 496 dimidias
1323 486 1336 505 ‚
1362 449 1438 494 da-

160 535 232 570 tur
262 523 318 570 ad
350 521 611 569 lumborum
645 522 757 569 vitia
797 523 846 570 δέ
878 522 1104 583 iocineris.
1139 523 1439 570 Carbunculis

160 595 390 642 medentur
415 611 471 640 ex
498 593 629 640 melle
653 593 778 641 folia.
816 594 1016 655 Quidam
1045 596 1135 642 hoc
1153 612 1290 658 genus
1309 595 1438 659 glau—

157 667 264 714 cion
299 679 497 726 vocant,
527 667 602 714 alii
620 667 839 731 paralion.
868 667 1075 716 Nascitur
1100 667 1222 714 enim
1241 669 1289 715 in
1314 669 1437 714 affla—

157 749 206 786 tu
229 741 393 800 maris,
422 753 498 788 aut
528 740 701 788 nitroso
726 741 849 789 loco.

222 814 436 861 LXXIX.
464 814 666 860 Alterum
696 831 719 860 e
741 813 1011 862 silvestribus
1036 829 1175 878 genus
1200 813 1433 860 heraclion

157 900 380 947 vocatur,
415 888 470 934 ab
494 887 590 934 aliis
621 888 826 951 aphrou,
846 887 966 934 foliis
992 886 1048 951 (fi
1068 887 1231 950 procul
1261 887 1436 934 intuea-

157 959 239 1025 ris)
270 960 463 1024 speciem
487 961 706 1023 pafferum
732 960 1031 1023 praebentibus
1047 996 1060 1018 ‚
1080 959 1230 1006 radice
1249 959 1293 1005 in
1319 959 1436 1007 siim·-

157 1051 228 1080 ma
256 1045 387 1081 terrae
418 1045 549 1090 cute,
575 1032 740 1079 semine
758 1031 956 1095 spumeo.
984 1035 1052 1078 Ex
1072 1031 1161 1078 hoc
1179 1031 1270 1078 lina
1291 1031 1436 1095 splen-

157 1105 315 1152 dorem
342 1106 526 1153 trahunt
549 1105 705 1153 aestate.
740 1106 966 1152 Tunditur
993 1105 1040 1151 in
1069 1104 1159 1168 pila
1190 1105 1433 1152 comitiali-

157 1180 239 1228 bus
267 1181 465 1238 morbis,
495 1180 710 1228 acetabuli
743 1179 943 1227 mensura
972 1180 1018 1226 in
1041 1179 1154 1225 vino
1186 1178 1316 1227 albo:
1343 1198 1433 1227 vo-

156 1253 393 1299 mitionem
414 1253 534 1300 enim
569 1253 689 1301 facit.
725 1253 1087 1312 Medicamento‚
1122 1252 1248 1315 quod
1281 1253 1435 1302 diaco-

156 1326 268 1371 dion
298 1327 347 1373 &
374 1326 584 1373 arteriace
612 1338 838 1384 vocatur,
872 1325 1163 1372 utilissimum.
1196 1324 1264 1371 Fit
1284 1339 1433 1374 autem

155 1399 288 1462 hujus
316 1402 553 1464 papaveris
588 1413 662 1448 aut
697 1399 1000 1463 cujuscunque
1034 1399 1239 1447 silvestris
1277 1402 1434 1464 capiti-

156 1473 238 1521 bus
275 1486 384 1519 CXX
419 1473 466 1519 in
500 1491 624 1537 aquae
660 1472 842 1521 caelestis
874 1471 1069 1519 sextariis
1109 1473 1250 1519 tribus
1290 1473 1433 1520 biduo

155 1546 411 1605 maceratis,
434 1546 479 1592 in
505 1547 750 1610 eademque
771 1543 1004 1592 discofi'tis:
1032 1544 1190 1590 deinde
1221 1545 1433 1603 saccatis,

158 1616 408 1680 iterumque
441 1634 543 1664 cum
571 1616 702 1662 melle
729 1616 924 1662 decoEtis
959 1615 1015 1660 ad
1047 1614 1248 1662 dimidias
1286 1632 1433 1680 partes

154 1705 328 1751 vapore
347 1689 484 1736 tenui.
522 1687 746 1735 Addidere
767 1687 920 1751 postea
939 1686 1170 1734 drachmas
1191 1687 1310 1735 senas
1332 1708 1432 1738 cro-

157 1763 226 1821 ci,
255 1762 607 1826 hypocisthidis,
637 1761 808 1829 thuris‘²
837 1761 1026 1816 acaciae,
1060 1762 1110 1807 &
1129 1761 1234 1822 pafii
1261 1763 1431 1811 Cretici

157 1833 407 1880 sextarium.
447 1835 556 1895 Haec
587 1833 918 1881 ostentatione:
951 1831 1137 1894 simplex
1175 1834 1354 1897 quidem
1382 1838 1432 1884 &

157 1907 337 1972 antiqua
365 1907 441 1954 illa
470 1906 695 1954 salubritas
724 1922 946 1970 papavere
975 1907 1025 1953 &
1052 1906 1182 1952 melle
1207 1908 1396 1956 constat.

220 1979 415 2026 LXXX.
448 1979 652 2026 Tertium
679 1995 819 2043 genus
847 1977 909 2025 est
938 1978 1214 2043 tithymalon
1234 2016 1248 2038 ‚
1272 1998 1430 2029 meco-

158 2068 215 2097 na
248 2062 447 2108 vocant,
478 2051 552 2097 alii
586 2051 823 2114 paralion,
843 2050 958 2097 folio
980 2044 1090 2107 lini,
1121 2052 1254 2111 albo,
1284 2055 1431 2117 capite

155 2124 471 2188 magnitudinis
490 2124 616 2171 fabae.
651 2124 896 2188 Colligitur
927 2142 1016 2172 uva
1048 2124 1251 2173 florente.
1283 2128 1429 2174 Sicca·-

156 2197 294 2243 turin
326 2198 497 2246 umbra.
528 2200 686 2245 Semen
718 2211 877 2261 potum
907 2210 1063 2262 purgat
1087 2199 1272 2258 alvum,
1294 2202 1429 2248 dimi-

158 2271 234 2317 dio
265 2272 498 2319 acetabulo
529 2273 573 2319 in
602 2271 758 2320 mulso.
790 2271 1104 2336 Cuiuscunque
1124 2286 1269 2322 autem
1296 2292 1430 2338 papa-

159 2343 280 2390 veris
313 2360 446 2408 caput
473 2344 614 2392 viride
631 2380 645 2402 ,
674 2343 748 2391 vel
771 2343 933 2391 siccum
951 2380 966 2402 ‚
998 2344 1159 2390 illitum
1188 2346 1431 2408 epiphoras

157 2415 400 2463 oculorum
435 2416 558 2464 lenit.
591 2416 760 2480 Opium
795 2433 851 2463 ex
875 2416 990 2463 vino
1017 2417 1242 2464 meraculo
1265 2417 1296 2463 si
1316 2434 1429 2481 pro-

156 2489 274 2536 tinus
297 2489 454 2548 detur,
472 2488 763 2553 scorpionum
786 2489 942 2556 istibus
967 2490 1133 2537 resistit.
1166 2490 1315 2555 Aliqui
1338 2491 1433 2539 hoc

1019 2564 1067 2611 D
1086 2564 1114 2610 d
1153 2579 1176 2626 3
