1653 2797
219 161 530 225 ‘NATUR
565 176 861 224 HisTOR.
896 179 1020 226 ΜΒ.
1055 178 1264 226 Xv111.
1336 193 1421 243 253

150 286 427 350 grandissima
457 285 626 348 eligunt
659 300 822 346 grana,
853 302 903 331 ac
945 285 1180 333 semicocta
1211 285 1258 333 in
1291 287 1395 333 ollis
1413 324 1428 346 ‚

152 356 305 419 postea
338 355 584 402 arefaciunt
612 354 715 399 Sole
740 353 793 399 ad
816 353 1019 414 initium,
1047 357 1282 422 rursusque
1311 359 1429 405 levi-

150 441 218 474 ter
246 427 412 490 aspersa
430 426 564 472 molis
587 424 810 488 frangunt.
837 427 904 470 Ex
922 441 998 471 zea
1021 429 1254 488 pulchrius
1269 465 1283 488 ‚
1299 447 1431 494 quam

150 516 207 546 ex
241 499 392 545 tritico
411 533 425 554 ‚
450 496 501 543 fit
535 513 750 560 granum,
783 497 993 559 quamvis
1028 499 1074 543 id
1105 500 1229 546 alicae
1262 502 1430 548 vitium

133 573 218 620 fit.
240 573 499 619 Candorem
516 583 666 618 autem
685 570 726 617 ei
745 586 829 633 pro
856 582 974 616 creta
996 570 1114 618 laetis
1133 573 1299 620 incocti
1319 576 1433 622 mix·

150 659 248 693 tura
275 644 466 693 confert.

199 720 357 767 XXX.
373 717 585 783 Sequitur
605 732 761 764 natura
777 715 1053 781 leguminum
1067 754 1080 776 ,
1100 717 1216 766 inter
1233 737 1333 783 quae
1351 738 1434 769 ma-

150 791 298 838 ximus
320 792 471 839 honos
490 790 624 837 fabae:
651 791 819 854 quippe
839 808 894 836 ex
913 807 1000 852 qua
1019 802 1213 839 tentatus
1230 792 1282 839 fit
1302 793 1434 839 etiam

151 864 293 927 panis.
327 866 602 911 Lomentum
648 863 894 927 appellatur
927 862 1069 908 farina
1101 880 1183 922 ea,
1219 882 1434 929 aggrava-

152 949 314 1001 turque
350 937 528 1000 pondus
559 937 663 995 illa,
684 938 735 984 &
759 936 887 982 omni
917 935 1152 999 legumine.
1194 939 1287 985 Jam
1318 956 1436 986 vero

154 1012 206 1059 &
246 1010 415 1074 pabulo
457 1010 630 1057 venalis
668 1009 781 1055 fabae
817 1009 1055 1072 multiplex
1093 1009 1194 1057 usus
1233 1012 1437 1060 omnium

154 1083 491 1146 quadrupedum
519 1082 695 1146 generi,
726 1082 949 1144 praecipue
974 1081 1161 1128 homini.
1192 1085 1438 1132 Frumento

155 1154 290 1201 etiam
311 1154 520 1201 miscetur
552 1155 669 1218 apud
697 1153 928 1218 plerasque
964 1167 1115 1217 gentes
1135 1191 1149 1212 ‚
1177 1157 1228 1202 &
1245 1158 1439 1205 maxime

155 1229 322 1292 panico
352 1229 515 1286 solida,
545 1246 594 1276 ac
620 1228 852 1275 delicatius
879 1227 1027 1274 frana.
1062 1229 1187 1289 Quin
1213 1231 1263 1277 ὃ(
1291 1231 1440 1293 prisco

156 1302 246 1348 ritu
273 1301 445 1349 fabacia
469 1304 554 1349 suae
583 1303 815 1367 religionis
845 1302 947 1349 Diis
975 1303 1022 1348 in
1054 1302 1180 1349 sacro
1212 1303 1296 1362 est,
1319 1322 1437 1367 prae-

156 1375 314 1423 valens
347 1377 616 1438 pulmentari
651 1377 754 1424 cibo
771 1411 784 1435 ‚
815 1378 864 1424 &
893 1376 1097 1423 hebetare
1125 1376 1270 1424 sensus
1290 1377 1442 1424 existi-

156 1461 275 1496 mata
290 1485 306 1507 ‚
335 1449 556 1497 insomnia
584 1467 771 1515 quoque
794 1450 953 1497 facere.
990 1451 1066 1496 Ob
1086 1451 1182 1497 haec
1206 1452 1440 1515 Pythago-

157 1520 251 1567 rica
276 1520 489 1568 sententia
514 1523 741 1568 damnata:
772 1534 822 1568 ut
850 1521 924 1567 alii
950 1521 1200 1580 tradidere,
1222 1524 1440 1586 quoniam

158 1606 443 1641 mortuorum
475 1595 633 1641 animae
672 1595 757 1641 sint
785 1595 832 1641 in
865 1611 928 1641 ea.
973 1596 1078 1655 Qua
1114 1595 1168 1641 de
1202 1595 1329 1642 causa
1361 1614 1439 1660 pa-

158 1668 380 1715 rentando
410 1667 570 1733 utique
601 1667 843 1715 affumitur.
877 1670 1026 1714 Varro
1052 1670 1102 1715 δε
1133 1669 1196 1715 ob
1225 1669 1319 1717 haec
1340 1674 1370 1717 F
1375 1671 1439 1717 la-

159 1741 327 1789 minem
362 1759 413 1790 ea
447 1760 543 1790 non
567 1742 690 1791 vesci
716 1743 851 1790 tradit
872 1779 885 1800 ‚
923 1743 973 1790 &
999 1743 1215 1806 quoniam
1247 1743 1294 1789 in
1326 1744 1440 1792 flore

159 1815 253 1876 ejus
289 1817 427 1864 literae
461 1817 672 1882 lugubres
701 1816 991 1880 reperiantur.
1031 1818 1079 1861 In
1117 1817 1270 1863 eadem
1302 1835 1438 1881 pecu-

160 1890 280 1938 liaris
301 1891 488 1954 religio:
521 1910 713 1956 namque
744 1892 891 1938 fabam
918 1892 1074 1955 utique
1096 1907 1118 1936 e
1142 1889 1344 1955 frugibus
1373 1908 1439 1939 re—

162 1961 276 2009 ferre
300 1979 400 2010 mos
429 1963 490 2010 est
511 1964 693 2026 auspicii
719 1963 869 2019 causa,
896 1979 999 2025 quae
1017 1963 1121 2008 ideo
1150 1962 1341 2010 referiva
1364 1981 1438 2028 ap-

163 2035 369 2098 pellatur.
399 2039 455 2083 Et
474 2038 753 2084 auctionibus
774 2036 980 2083 adhibere
1000 2053 1097 2082 eam
1116 2035 1339 2083 lucrosum
1359 2055 1440 2100 pu-

164 2120 274 2156 tant,
312 2106 418 2153 Sola
449 2120 566 2155 certe
596 2108 771 2172 frugum
801 2108 934 2155 etiam
961 2108 1088 2155 exesa
1113 2108 1310 2171 repletur
1341 2126 1437 2156 cre-

164 2178 311 2227 scente
340 2181 477 2229 Luna.
512 2183 642 2245 Aqua
672 2181 870 2240 marina,
900 2181 1046 2228 aliave
1075 2180 1179 2228 salsa
1206 2197 1302 2228 non
1336 2200 1437 2246 per*

168 2263 392 2316 coquitur.

246 2324 414 2371 Seritur
443 2337 543 2372 ante
576 2326 871 2391 Vergiliarum
914 2326 1122 2374 occasum
1162 2326 1438 2391 leguminum

163 2400 331 2464 prima,
356 2410 404 2444 ut
423 2400 653 2447 antecedat
673 2400 877 2448 hiemem.
909 2401 1121 2464 Virgilius
1142 2417 1238 2447 eam
1258 2418 1337 2463 per
1357 2417 1439 2448 ver

166 2471 249 2519 seri
279 2471 434 2534 jubet,
472 2471 841 2535 Circumpadanae
867 2472 1002 2519 Italiae
1036 2474 1139 2518 ritu.
1175 2472 1260 2517 Sed
1293 2471 1438 2534 major
