<?xml version="1.0" encoding="UTF-8"?>
<!DOCTYPE html PUBLIC "-//W3C//DTD XHTML 1.0 Transitional//EN"
    "http://www.w3.org/TR/xhtml1/DTD/xhtml1-transitional.dtd">
<html xmlns="http://www.w3.org/1999/xhtml" xml:lang="en" lang="en">
 <head>
  <title>
</title>
<meta http-equiv="Content-Type" content="text/html;charset=utf-8" />
  <meta name='ocr-system' content='tesseract 3.04.00' />
  <meta name='ocr-capabilities' content='ocr_page ocr_carea ocr_par ocr_line ocrx_word'/>
</head>
<body>
  <div class='ocr_page' id='page_1' title='image "./caiipliniisecund03plinuoft_0182.png"; bbox 0 0 1653 2797; ppageno 0'>
   <div class='ocr_carea' id='block_1_1' title="bbox 246 211 1288 278">
    <p class='ocr_par' dir='ltr' id='par_1_1' title="bbox 246 211 1288 278">
     <span class='ocr_line' id='line_1_1' title="bbox 246 211 1288 278; baseline -0.005 -15"><span class='ocrx_word' id='word_1_1' title='bbox 246 231 336 278; x_wconf 83' lang='lat'>¹74</span> <span class='ocrx_word' id='word_1_2' title='bbox 513 212 568 259; x_wconf 88' lang='lat' dir='ltr'>C.</span> <span class='ocrx_word' id='word_1_3' title='bbox 619 211 878 258; x_wconf 83' lang='lat' dir='ltr'>PL1N11</span> <span class='ocrx_word' id='word_1_4' title='bbox 922 211 1288 259; x_wconf 83' lang='lat' dir='ltr'><strong>SECUNDI</strong></span> 
     </span>
    </p>
   </div>
   <div class='ocr_carea' id='block_1_2' title="bbox 235 317 1524 2582">
    <p class='ocr_par' dir='ltr' id='par_1_2' title="bbox 235 317 1524 749">
     <span class='ocr_line' id='line_1_2' title="bbox 237 317 1522 384; baseline -0.003 -15"><span class='ocrx_word' id='word_1_5' title='bbox 237 324 362 370; x_wconf 85' lang='lat' dir='ltr'>Illam</span> <span class='ocrx_word' id='word_1_6' title='bbox 392 319 673 368; x_wconf 81' lang='lat' dir='ltr'>inscientiam</span> <span class='ocrx_word' id='word_1_7' title='bbox 702 320 954 384; x_wconf 88' lang='lat' dir='ltr'>pudendam</span> <span class='ocrx_word' id='word_1_8' title='bbox 980 319 1064 366; x_wconf 75' lang='lat' dir='ltr'>effe</span> <span class='ocrx_word' id='word_1_9' title='bbox 1089 318 1365 377; x_wconf 85' lang='lat' dir='ltr'>conveniet,</span> <span class='ocrx_word' id='word_1_10' title='bbox 1392 317 1522 366; x_wconf 56' lang='lat' dir='ltr'>adul-³</span> 
     </span>
     <span class='ocr_line' id='line_1_3' title="bbox 235 391 1521 456; baseline -0.003 -14"><span class='ocrx_word' id='word_1_11' title='bbox 235 407 302 442; x_wconf 87' lang='lat' dir='ltr'>tas</span> <span class='ocrx_word' id='word_1_12' title='bbox 328 393 591 441; x_wconf 77' lang='lat' dir='ltr'>interlucare</span> <span class='ocrx_word' id='word_1_13' title='bbox 619 392 736 456; x_wconf 84' lang='lat' dir='ltr'>justo</span> <span class='ocrx_word' id='word_1_14' title='bbox 760 391 884 456; x_wconf 78' lang='lat' dir='ltr'>plus,</span> <span class='ocrx_word' id='word_1_15' title='bbox 902 394 960 440; x_wconf 38' lang='lat'>¹&amp;</span> <span class='ocrx_word' id='word_1_16' title='bbox 991 392 1038 439; x_wconf 90' lang='lat' dir='ltr'>in</span> <span class='ocrx_word' id='word_1_17' title='bbox 1068 392 1284 440; x_wconf 66' lang='lat' dir='ltr'>senectam</span> <span class='ocrx_word' id='word_1_18' title='bbox 1311 392 1521 456; x_wconf 81' lang='lat' dir='ltr'>praecipi·</span> 
     </span>
     <span class='ocr_line' id='line_1_4' title="bbox 238 466 1522 531; baseline -0.002 -17"><span class='ocrx_word' id='word_1_19' title='bbox 238 480 357 526; x_wconf 77' lang='lat' dir='ltr'>tare,</span> <span class='ocrx_word' id='word_1_20' title='bbox 401 479 476 514; x_wconf 87' lang='lat' dir='ltr'>aut</span> <span class='ocrx_word' id='word_1_21' title='bbox 508 466 806 531; x_wconf 78' lang='lat' dir='ltr'>(plerumque</span> <span class='ocrx_word' id='word_1_22' title='bbox 844 466 972 529; x_wconf 85' lang='lat' dir='ltr'>ipfis,</span> <span class='ocrx_word' id='word_1_23' title='bbox 1009 467 1088 530; x_wconf 86' lang='lat' dir='ltr'>qui</span> <span class='ocrx_word' id='word_1_24' title='bbox 1129 466 1345 530; x_wconf 86' lang='lat' dir='ltr'>posuere,</span> <span class='ocrx_word' id='word_1_25' title='bbox 1388 482 1522 514; x_wconf 90' lang='lat' dir='ltr'>coar-</span> 
     </span>
     <span class='ocr_line' id='line_1_5' title="bbox 240 538 1524 605; baseline -0.001 -18"><span class='ocrx_word' id='word_1_26' title='bbox 240 541 481 605; x_wconf 83' lang='lat' dir='ltr'>guentibus</span> <span class='ocrx_word' id='word_1_27' title='bbox 504 540 773 604; x_wconf 74' lang='lat' dir='ltr'>imperitiam</span> <span class='ocrx_word' id='word_1_28' title='bbox 809 538 955 602; x_wconf 86' lang='lat' dir='ltr'>suam)</span> <span class='ocrx_word' id='word_1_29' title='bbox 991 552 1108 586; x_wconf 87' lang='lat' dir='ltr'>totas</span> <span class='ocrx_word' id='word_1_30' title='bbox 1142 539 1360 587; x_wconf 79' lang='lat' dir='ltr'>excidere.</span> <span class='ocrx_word' id='word_1_31' title='bbox 1393 538 1524 586; x_wconf 89' lang='lat' dir='ltr'>Nihil</span> 
     </span>
     <span class='ocr_line' id='line_1_6' title="bbox 239 612 1523 677; baseline -0.001 -16"><span class='ocrx_word' id='word_1_32' title='bbox 239 614 303 661; x_wconf 86' lang='lat' dir='ltr'>est</span> <span class='ocrx_word' id='word_1_33' title='bbox 333 614 499 661; x_wconf 85' lang='lat' dir='ltr'>foedius</span> <span class='ocrx_word' id='word_1_34' title='bbox 531 613 766 677; x_wconf 79' lang='lat' dir='ltr'>agricolis,</span> <span class='ocrx_word' id='word_1_35' title='bbox 805 630 936 675; x_wconf 88' lang='lat' dir='ltr'>quam</span> <span class='ocrx_word' id='word_1_36' title='bbox 967 612 1096 675; x_wconf 80' lang='lat' dir='ltr'>gestae</span> <span class='ocrx_word' id='word_1_37' title='bbox 1121 613 1184 659; x_wconf 89' lang='lat' dir='ltr'>rei</span> <span class='ocrx_word' id='word_1_38' title='bbox 1217 612 1487 676; x_wconf 88' lang='lat' dir='ltr'>poenitentia</span> <span class='ocrx_word' id='word_1_39' title='bbox 1507 646 1523 671; x_wconf 91' lang='lat'>,</span> 
     </span>
     <span class='ocr_line' id='line_1_7' title="bbox 239 684 1282 749; baseline 0.001 -16"><span class='ocrx_word' id='word_1_40' title='bbox 239 687 386 733; x_wconf 84' lang='lat' dir='ltr'>multo</span> <span class='ocrx_word' id='word_1_41' title='bbox 406 685 496 748; x_wconf 81' lang='lat' dir='ltr'>jam</span> <span class='ocrx_word' id='word_1_42' title='bbox 524 698 573 732; x_wconf 90' lang='lat' dir='ltr'>ut</span> <span class='ocrx_word' id='word_1_43' title='bbox 599 685 776 749; x_wconf 83' lang='lat' dir='ltr'>praestet</span> <span class='ocrx_word' id='word_1_44' title='bbox 809 685 988 730; x_wconf 73' lang='lat' dir='ltr'>laxitate</span> <span class='ocrx_word' id='word_1_45' title='bbox 1010 684 1282 748; x_wconf 85' lang='lat' dir='ltr'>delinquere.</span> 
     </span>
    </p>

    <p class='ocr_par' dir='ltr' id='par_1_3' title="bbox 236 757 1524 1540">
     <span class='ocr_line' id='line_1_8' title="bbox 301 757 1524 818; baseline 0 -11"><span class='ocrx_word' id='word_1_46' title='bbox 301 760 408 807; x_wconf 89' lang='lat' dir='ltr'>XX.</span> <span class='ocrx_word' id='word_1_47' title='bbox 439 758 660 818; x_wconf 79' lang='lat' dir='ltr'>Quaedam</span> <span class='ocrx_word' id='word_1_48' title='bbox 695 768 844 803; x_wconf 86' lang='lat' dir='ltr'>autem</span> <span class='ocrx_word' id='word_1_49' title='bbox 872 768 1031 802; x_wconf 84' lang='lat' dir='ltr'>natura</span> <span class='ocrx_word' id='word_1_50' title='bbox 1060 758 1183 802; x_wconf 86' lang='lat' dir='ltr'>tarde</span> <span class='ocrx_word' id='word_1_51' title='bbox 1215 757 1420 806; x_wconf 88' lang='lat' dir='ltr'>crescunt</span> <span class='ocrx_word' id='word_1_52' title='bbox 1437 796 1450 817; x_wconf 87' lang='lat'>,</span> <span class='ocrx_word' id='word_1_53' title='bbox 1471 759 1524 807; x_wconf 73' lang='grc' dir='ltr'>δε</span> 
     </span>
     <span class='ocr_line' id='line_1_9' title="bbox 236 829 1522 895; baseline -0.001 -16"><span class='ocrx_word' id='word_1_54' title='bbox 236 834 285 879; x_wconf 89' lang='lat' dir='ltr'>in</span> <span class='ocrx_word' id='word_1_55' title='bbox 314 832 470 895; x_wconf 86' lang='lat' dir='ltr'>primis</span> <span class='ocrx_word' id='word_1_56' title='bbox 492 830 657 877; x_wconf 82' lang='lat' dir='ltr'>semine</span> <span class='ocrx_word' id='word_1_57' title='bbox 688 840 865 875; x_wconf 86' lang='lat' dir='ltr'>tantum</span> <span class='ocrx_word' id='word_1_58' title='bbox 891 829 1113 876; x_wconf 87' lang='lat' dir='ltr'>nascentia</span> <span class='ocrx_word' id='word_1_59' title='bbox 1131 865 1143 888; x_wconf 92' lang='lat'>,</span> <span class='ocrx_word' id='word_1_60' title='bbox 1169 831 1220 877; x_wconf 71' lang='grc' dir='ltr'>δε</span> <span class='ocrx_word' id='word_1_61' title='bbox 1248 829 1390 894; x_wconf 86' lang='lat' dir='ltr'>longo</span> <span class='ocrx_word' id='word_1_62' title='bbox 1415 848 1522 878; x_wconf 84' lang='lat' dir='ltr'>aevo</span> 
     </span>
     <span class='ocr_line' id='line_1_10' title="bbox 236 902 1524 967; baseline -0.002 -13"><span class='ocrx_word' id='word_1_63' title='bbox 236 906 454 954; x_wconf 84' lang='lat' dir='ltr'>durantia.</span> <span class='ocrx_word' id='word_1_64' title='bbox 485 906 545 950; x_wconf 86' lang='lat' dir='ltr'>At</span> <span class='ocrx_word' id='word_1_65' title='bbox 573 921 675 967; x_wconf 86' lang='lat' dir='ltr'>quae</span> <span class='ocrx_word' id='word_1_66' title='bbox 701 902 794 949; x_wconf 88' lang='lat' dir='ltr'>cito</span> <span class='ocrx_word' id='word_1_67' title='bbox 828 903 1045 949; x_wconf 87' lang='lat' dir='ltr'>occidunt</span> <span class='ocrx_word' id='word_1_68' title='bbox 1064 940 1077 962; x_wconf 87' lang='lat'>‚</span> <span class='ocrx_word' id='word_1_69' title='bbox 1102 903 1284 951; x_wconf 86' lang='lat' dir='ltr'>velocia</span> <span class='ocrx_word' id='word_1_70' title='bbox 1315 902 1417 950; x_wconf 88' lang='lat' dir='ltr'>sunt</span> <span class='ocrx_word' id='word_1_71' title='bbox 1434 941 1448 963; x_wconf 87' lang='lat'>,</span> <span class='ocrx_word' id='word_1_72' title='bbox 1473 916 1524 952; x_wconf 89' lang='lat' dir='ltr'>ut</span> 
     </span>
     <span class='ocr_line' id='line_1_11' title="bbox 239 976 1520 1042; baseline -0.002 -16"><span class='ocrx_word' id='word_1_73' title='bbox 239 979 373 1036; x_wconf 82' lang='lat' dir='ltr'>ficus,</span> <span class='ocrx_word' id='word_1_74' title='bbox 396 978 590 1035; x_wconf 84' lang='lat' dir='ltr'>Punica,</span> <span class='ocrx_word' id='word_1_75' title='bbox 614 992 810 1040; x_wconf 88' lang='lat' dir='ltr'>prunus,</span> <span class='ocrx_word' id='word_1_76' title='bbox 832 976 977 1023; x_wconf 86' lang='lat' dir='ltr'>malus</span> <span class='ocrx_word' id='word_1_77' title='bbox 996 1013 1009 1033; x_wconf 85' lang='lat'>‚</span> <span class='ocrx_word' id='word_1_78' title='bbox 1042 977 1163 1039; x_wconf 86' lang='lat' dir='ltr'>pirus</span> <span class='ocrx_word' id='word_1_79' title='bbox 1180 1013 1194 1035; x_wconf 85' lang='lat'>‚</span> <span class='ocrx_word' id='word_1_80' title='bbox 1221 988 1401 1042; x_wconf 86' lang='lat' dir='ltr'>myrtus</span> <span class='ocrx_word' id='word_1_81' title='bbox 1419 1015 1433 1036; x_wconf 89' lang='lat'>‚</span> <span class='ocrx_word' id='word_1_82' title='bbox 1453 977 1520 1025; x_wconf 83' lang='lat' dir='ltr'>sa-</span> 
     </span>
     <span class='ocr_line' id='line_1_12' title="bbox 241 1050 1524 1099; baseline 0 0"><span class='ocrx_word' id='word_1_83' title='bbox 241 1055 305 1099; x_wconf 71' lang='lat' dir='ltr'>lix</span> <span class='ocrx_word' id='word_1_84' title='bbox 328 1070 338 1098; x_wconf 80' lang='lat' dir='ltr'>t</span> <span class='ocrx_word' id='word_1_85' title='bbox 374 1054 423 1099; x_wconf 64' lang='grc' dir='ltr'>ὃς</span> <span class='ocrx_word' id='word_1_86' title='bbox 448 1064 598 1097; x_wconf 83' lang='lat' dir='ltr'>tamen</span> <span class='ocrx_word' id='word_1_87' title='bbox 619 1051 888 1097; x_wconf 87' lang='lat' dir='ltr'>antecedunt</span> <span class='ocrx_word' id='word_1_88' title='bbox 908 1050 1094 1098; x_wconf 85' lang='lat' dir='ltr'>divitiis.</span> <span class='ocrx_word' id='word_1_89' title='bbox 1126 1053 1176 1097; x_wconf 92' lang='lat' dir='ltr'>In</span> <span class='ocrx_word' id='word_1_90' title='bbox 1200 1051 1378 1097; x_wconf 88' lang='lat' dir='ltr'>trimatu</span> <span class='ocrx_word' id='word_1_91' title='bbox 1403 1051 1524 1099; x_wconf 88' lang='lat' dir='ltr'>enim</span> 
     </span>
     <span class='ocr_line' id='line_1_13' title="bbox 239 1123 1524 1188; baseline -0.002 -14"><span class='ocrx_word' id='word_1_92' title='bbox 239 1128 356 1174; x_wconf 79' lang='lat' dir='ltr'>serre</span> <span class='ocrx_word' id='word_1_93' title='bbox 393 1125 619 1188; x_wconf 81' lang='lat' dir='ltr'>incipiunt</span> <span class='ocrx_word' id='word_1_94' title='bbox 638 1161 652 1181; x_wconf 86' lang='lat'>,</span> <span class='ocrx_word' id='word_1_95' title='bbox 684 1123 969 1171; x_wconf 84' lang='lat' dir='ltr'>ostendentes</span> <span class='ocrx_word' id='word_1_96' title='bbox 1003 1125 1052 1172; x_wconf 63' lang='grc' dir='ltr'>ὅς</span> <span class='ocrx_word' id='word_1_97' title='bbox 1084 1136 1198 1172; x_wconf 89' lang='lat' dir='ltr'>ante.</span> <span class='ocrx_word' id='word_1_98' title='bbox 1232 1127 1300 1172; x_wconf 80' lang='lat' dir='ltr'>Ex</span> <span class='ocrx_word' id='word_1_99' title='bbox 1332 1125 1398 1171; x_wconf 88' lang='lat' dir='ltr'>his</span> <span class='ocrx_word' id='word_1_100' title='bbox 1425 1125 1524 1172; x_wconf 87' lang='lat' dir='ltr'>len-</span> 
     </span>
     <span class='ocr_line' id='line_1_14' title="bbox 239 1195 1524 1261; baseline -0.002 -15"><span class='ocrx_word' id='word_1_101' title='bbox 239 1199 402 1246; x_wconf 67' lang='lat' dir='ltr'>tissima</span> <span class='ocrx_word' id='word_1_102' title='bbox 433 1197 568 1260; x_wconf 85' lang='lat' dir='ltr'>pirus.</span> <span class='ocrx_word' id='word_1_103' title='bbox 605 1196 820 1243; x_wconf 83' lang='lat' dir='ltr'>Ocissima</span> <span class='ocrx_word' id='word_1_104' title='bbox 846 1195 1051 1243; x_wconf 83' lang='lat' dir='ltr'>omnium</span> <span class='ocrx_word' id='word_1_105' title='bbox 1075 1214 1244 1261; x_wconf 86' lang='lat' dir='ltr'>cyprus</span> <span class='ocrx_word' id='word_1_106' title='bbox 1262 1233 1275 1254; x_wconf 87' lang='lat'>,</span> <span class='ocrx_word' id='word_1_107' title='bbox 1315 1199 1364 1245; x_wconf 90' lang='lat'>&amp;</span> <span class='ocrx_word' id='word_1_108' title='bbox 1392 1196 1524 1260; x_wconf 85' lang='lat' dir='ltr'>pseu-</span> 
     </span>
     <span class='ocr_line' id='line_1_15' title="bbox 239 1270 1524 1337; baseline -0.001 -18"><span class='ocrx_word' id='word_1_109' title='bbox 239 1274 476 1337; x_wconf 78' lang='lat' dir='ltr'>docyprus</span> <span class='ocrx_word' id='word_1_110' title='bbox 516 1270 679 1317; x_wconf 73' lang='lat' dir='ltr'>frutex.</span> <span class='ocrx_word' id='word_1_111' title='bbox 733 1271 944 1317; x_wconf 82' lang='lat' dir='ltr'>Protinus</span> <span class='ocrx_word' id='word_1_112' title='bbox 980 1271 1100 1317; x_wconf 86' lang='lat' dir='ltr'>enim</span> <span class='ocrx_word' id='word_1_113' title='bbox 1149 1271 1316 1329; x_wconf 87' lang='lat' dir='ltr'>floret,</span> <span class='ocrx_word' id='word_1_114' title='bbox 1341 1272 1524 1332; x_wconf 21' lang='lat' dir='ltr'>,semen-</span> 
     </span>
     <span class='ocr_line' id='line_1_16' title="bbox 240 1343 1523 1410; baseline 0 -18"><span class='ocrx_word' id='word_1_115' title='bbox 240 1363 327 1410; x_wconf 79' lang='lat' dir='ltr'>que</span> <span class='ocrx_word' id='word_1_116' title='bbox 362 1345 549 1410; x_wconf 75' lang='lat' dir='ltr'>profert.</span> <span class='ocrx_word' id='word_1_117' title='bbox 581 1344 752 1392; x_wconf 87' lang='lat' dir='ltr'>Omnia</span> <span class='ocrx_word' id='word_1_118' title='bbox 785 1361 901 1391; x_wconf 88' lang='lat' dir='ltr'>vero</span> <span class='ocrx_word' id='word_1_119' title='bbox 932 1344 1118 1391; x_wconf 87' lang='lat' dir='ltr'>celerius</span> <span class='ocrx_word' id='word_1_120' title='bbox 1150 1344 1414 1392; x_wconf 86' lang='lat' dir='ltr'>adolescunt</span> <span class='ocrx_word' id='word_1_121' title='bbox 1433 1343 1523 1392; x_wconf 89' lang='lat' dir='ltr'>sto·</span> 
     </span>
     <span class='ocr_line' id='line_1_17' title="bbox 239 1419 1522 1483; baseline 0 -16"><span class='ocrx_word' id='word_1_122' title='bbox 239 1421 422 1467; x_wconf 74' lang='lat' dir='ltr'>ionibus</span> <span class='ocrx_word' id='word_1_123' title='bbox 453 1420 636 1478; x_wconf 84' lang='lat' dir='ltr'>ablatis,</span> <span class='ocrx_word' id='word_1_124' title='bbox 667 1436 892 1483; x_wconf 82' lang='lat' dir='ltr'>unamque</span> <span class='ocrx_word' id='word_1_125' title='bbox 922 1419 970 1465; x_wconf 90' lang='lat' dir='ltr'>in</span> <span class='ocrx_word' id='word_1_126' title='bbox 1005 1419 1186 1482; x_wconf 88' lang='lat' dir='ltr'>stirpem</span> <span class='ocrx_word' id='word_1_127' title='bbox 1215 1419 1400 1467; x_wconf 74' lang='lat' dir='ltr'>redaffls</span> <span class='ocrx_word' id='word_1_128' title='bbox 1437 1419 1522 1467; x_wconf 89' lang='lat' dir='ltr'>ali-</span> 
     </span>
     <span class='ocr_line' id='line_1_18' title="bbox 239 1505 415 1540; baseline -0.011 0"><span class='ocrx_word' id='word_1_129' title='bbox 239 1505 415 1540; x_wconf 77' lang='lat' dir='ltr'>mentis.</span> 
     </span>
    </p>

    <p class='ocr_par' dir='ltr' id='par_1_4' title="bbox 239 1564 1524 2582">
     <span class='ocr_line' id='line_1_19' title="bbox 305 1564 1524 1628; baseline 0.002 -16"><span class='ocrx_word' id='word_1_130' title='bbox 305 1566 431 1612; x_wconf 86' lang='lat' dir='ltr'>XXI.</span> <span class='ocrx_word' id='word_1_131' title='bbox 462 1564 626 1611; x_wconf 85' lang='lat' dir='ltr'>Eadem</span> <span class='ocrx_word' id='word_1_132' title='bbox 656 1576 813 1610; x_wconf 88' lang='lat' dir='ltr'>natura</span> <span class='ocrx_word' id='word_1_133' title='bbox 834 1566 883 1612; x_wconf 91' lang='lat'>&amp;</span> <span class='ocrx_word' id='word_1_134' title='bbox 903 1564 1173 1628; x_wconf 80' lang='lat' dir='ltr'>propagines</span> <span class='ocrx_word' id='word_1_135' title='bbox 1201 1564 1371 1613; x_wconf 90' lang='lat' dir='ltr'>docuit.</span> <span class='ocrx_word' id='word_1_136' title='bbox 1401 1565 1524 1614; x_wconf 88' lang='lat' dir='ltr'>Rubi</span> 
     </span>
     <span class='ocr_line' id='line_1_20' title="bbox 241 1636 1522 1702; baseline -0.002 -16"><span class='ocrx_word' id='word_1_137' title='bbox 241 1654 433 1702; x_wconf 82' lang='lat' dir='ltr'>namque</span> <span class='ocrx_word' id='word_1_138' title='bbox 457 1637 633 1683; x_wconf 86' lang='lat' dir='ltr'>curvati</span> <span class='ocrx_word' id='word_1_139' title='bbox 658 1636 897 1700; x_wconf 80' lang='lat' dir='ltr'>gracilitate</span> <span class='ocrx_word' id='word_1_140' title='bbox 922 1637 974 1683; x_wconf 87' lang='lat'>&amp;</span> <span class='ocrx_word' id='word_1_141' title='bbox 1003 1636 1131 1682; x_wconf 80' lang='lat' dir='ltr'>fimul</span> <span class='ocrx_word' id='word_1_142' title='bbox 1161 1639 1428 1699; x_wconf 84' lang='lat' dir='ltr'>proceritate</span> <span class='ocrx_word' id='word_1_143' title='bbox 1448 1638 1522 1684; x_wconf 87' lang='lat' dir='ltr'>ni·-</span> 
     </span>
     <span class='ocr_line' id='line_1_21' title="bbox 239 1709 1522 1774; baseline -0.002 -14"><span class='ocrx_word' id='word_1_144' title='bbox 239 1714 328 1761; x_wconf 79' lang='lat' dir='ltr'>mia</span> <span class='ocrx_word' id='word_1_145' title='bbox 347 1749 361 1772; x_wconf 82' lang='lat'>‚</span> <span class='ocrx_word' id='word_1_146' title='bbox 393 1709 589 1774; x_wconf 82' lang='lat' dir='ltr'>defigunt</span> <span class='ocrx_word' id='word_1_147' title='bbox 623 1710 769 1756; x_wconf 80' lang='lat' dir='ltr'>rursus</span> <span class='ocrx_word' id='word_1_148' title='bbox 799 1710 846 1755; x_wconf 89' lang='lat' dir='ltr'>in</span> <span class='ocrx_word' id='word_1_149' title='bbox 874 1721 1038 1756; x_wconf 85' lang='lat' dir='ltr'>terram</span> <span class='ocrx_word' id='word_1_150' title='bbox 1068 1709 1236 1771; x_wconf 82' lang='lat' dir='ltr'>capita,</span> <span class='ocrx_word' id='word_1_151' title='bbox 1269 1711 1522 1774; x_wconf 86' lang='lat' dir='ltr'>iterumque</span> 
     </span>
     <span class='ocr_line' id='line_1_22' title="bbox 239 1782 1518 1845; baseline -0.002 -13"><span class='ocrx_word' id='word_1_152' title='bbox 239 1785 479 1833; x_wconf 79' lang='lat' dir='ltr'>nascuntur</span> <span class='ocrx_word' id='word_1_153' title='bbox 502 1802 555 1830; x_wconf 73' lang='lat' dir='ltr'>ex</span> <span class='ocrx_word' id='word_1_154' title='bbox 574 1782 686 1830; x_wconf 80' lang='lat' dir='ltr'>sese:</span> <span class='ocrx_word' id='word_1_155' title='bbox 715 1783 927 1845; x_wconf 87' lang='lat' dir='ltr'>repleturi</span> <span class='ocrx_word' id='word_1_156' title='bbox 948 1783 1101 1830; x_wconf 84' lang='lat' dir='ltr'>omnia</span> <span class='ocrx_word' id='word_1_157' title='bbox 1123 1819 1135 1840; x_wconf 85' lang='lat'>‚</span> <span class='ocrx_word' id='word_1_158' title='bbox 1160 1783 1207 1828; x_wconf 91' lang='lat' dir='ltr'>ni</span> <span class='ocrx_word' id='word_1_159' title='bbox 1233 1783 1396 1830; x_wconf 84' lang='lat' dir='ltr'>refistat</span> <span class='ocrx_word' id='word_1_160' title='bbox 1419 1784 1518 1830; x_wconf 87' lang='lat' dir='ltr'>cul-</span> 
     </span>
     <span class='ocr_line' id='line_1_23' title="bbox 241 1857 1523 1923; baseline -0.002 -15"><span class='ocrx_word' id='word_1_161' title='bbox 241 1875 364 1908; x_wconf 85' lang='lat' dir='ltr'>tura:</span> <span class='ocrx_word' id='word_1_162' title='bbox 391 1858 570 1923; x_wconf 80' lang='lat' dir='ltr'>prorsus</span> <span class='ocrx_word' id='word_1_163' title='bbox 598 1871 647 1904; x_wconf 84' lang='lat' dir='ltr'>ut</span> <span class='ocrx_word' id='word_1_164' title='bbox 673 1858 841 1921; x_wconf 84' lang='lat' dir='ltr'>poffint</span> <span class='ocrx_word' id='word_1_165' title='bbox 867 1858 1013 1904; x_wconf 87' lang='lat' dir='ltr'>videri</span> <span class='ocrx_word' id='word_1_166' title='bbox 1032 1857 1240 1905; x_wconf 88' lang='lat' dir='ltr'>homines</span> <span class='ocrx_word' id='word_1_167' title='bbox 1268 1870 1397 1904; x_wconf 82' lang='lat' dir='ltr'>terrae</span> <span class='ocrx_word' id='word_1_168' title='bbox 1415 1875 1523 1906; x_wconf 87' lang='lat' dir='ltr'>cau·-</span> 
     </span>
     <span class='ocr_line' id='line_1_24' title="bbox 240 1932 1523 1999; baseline -0.002 -17"><span class='ocrx_word' id='word_1_169' title='bbox 240 1935 283 1982; x_wconf 67' lang='lat' dir='ltr'>{a</span> <span class='ocrx_word' id='word_1_170' title='bbox 317 1934 455 1999; x_wconf 79' lang='lat' dir='ltr'>geniti</span> <span class='ocrx_word' id='word_1_171' title='bbox 478 1951 488 1979; x_wconf 76' lang='grc' dir='ltr'><strong><em>ε</em></strong></span> <span class='ocrx_word' id='word_1_172' title='bbox 515 1933 575 1979; x_wconf 82' lang='lat' dir='ltr'>ita</span> <span class='ocrx_word' id='word_1_173' title='bbox 597 1933 775 1995; x_wconf 80' lang='lat' dir='ltr'>pcffima</span> <span class='ocrx_word' id='word_1_174' title='bbox 806 1945 937 1997; x_wconf 72' lang='lat' dir='ltr'>atque</span> <span class='ocrx_word' id='word_1_175' title='bbox 971 1932 1240 1980; x_wconf 69' lang='lat' dir='ltr'>exsecranda</span> <span class='ocrx_word' id='word_1_176' title='bbox 1270 1948 1338 1978; x_wconf 87' lang='lat' dir='ltr'>res</span> <span class='ocrx_word' id='word_1_177' title='bbox 1357 1949 1523 1996; x_wconf 83' lang='lat' dir='ltr'>propa-</span> 
     </span>
     <span class='ocr_line' id='line_1_25' title="bbox 239 2003 1522 2073; baseline -0.002 -19"><span class='ocrx_word' id='word_1_178' title='bbox 239 2008 389 2073; x_wconf 71' lang='lat' dir='ltr'>ginem</span> <span class='ocrx_word' id='word_1_179' title='bbox 414 2019 562 2053; x_wconf 83' lang='lat' dir='ltr'>tamen</span> <span class='ocrx_word' id='word_1_180' title='bbox 591 2006 774 2063; x_wconf 78' lang='lat' dir='ltr'>docuit,</span> <span class='ocrx_word' id='word_1_181' title='bbox 809 2024 862 2053; x_wconf 85' lang='lat' dir='ltr'>ac</span> <span class='ocrx_word' id='word_1_182' title='bbox 890 2006 1207 2053; x_wconf 60' lang='lat' dir='ltr'>viviradicem.</span> <span class='ocrx_word' id='word_1_183' title='bbox 1247 2003 1413 2053; x_wconf 85' lang='lat' dir='ltr'>Eadem</span> <span class='ocrx_word' id='word_1_184' title='bbox 1440 2022 1522 2053; x_wconf 79' lang='lat' dir='ltr'>au·-</span> 
     </span>
     <span class='ocr_line' id='line_1_26' title="bbox 240 2078 1522 2142; baseline -0.002 -15"><span class='ocrx_word' id='word_1_185' title='bbox 240 2093 330 2127; x_wconf 72' lang='lat' dir='ltr'>tcm</span> <span class='ocrx_word' id='word_1_186' title='bbox 368 2091 525 2125; x_wconf 78' lang='lat' dir='ltr'>natura</span> <span class='ocrx_word' id='word_1_187' title='bbox 555 2078 614 2124; x_wconf 86' lang='lat' dir='ltr'>est</span> <span class='ocrx_word' id='word_1_188' title='bbox 644 2079 799 2125; x_wconf 79' lang='lat' dir='ltr'>ederis.</span> <span class='ocrx_word' id='word_1_189' title='bbox 831 2080 949 2125; x_wconf 86' lang='lat' dir='ltr'>Cato</span> <span class='ocrx_word' id='word_1_190' title='bbox 979 2078 1218 2142; x_wconf 88' lang='lat' dir='ltr'>propagari</span> <span class='ocrx_word' id='word_1_191' title='bbox 1255 2090 1417 2141; x_wconf 82' lang='lat' dir='ltr'>praeter</span> <span class='ocrx_word' id='word_1_192' title='bbox 1445 2078 1522 2127; x_wconf 86' lang='lat' dir='ltr'>vi-</span> 
     </span>
     <span class='ocr_line' id='line_1_27' title="bbox 241 2149 1521 2214; baseline -0.002 -14"><span class='ocrx_word' id='word_1_193' title='bbox 241 2168 332 2200; x_wconf 79' lang='lat' dir='ltr'>tem</span> <span class='ocrx_word' id='word_1_194' title='bbox 358 2153 493 2198; x_wconf 78' lang='lat' dir='ltr'>tradit</span> <span class='ocrx_word' id='word_1_195' title='bbox 524 2149 661 2198; x_wconf 78' lang='lat' dir='ltr'>ficum</span> <span class='ocrx_word' id='word_1_196' title='bbox 676 2189 691 2209; x_wconf 60' lang='lat'><em>9</em></span> <span class='ocrx_word' id='word_1_197' title='bbox 721 2153 867 2198; x_wconf 80' lang='lat' dir='ltr'>oleam</span> <span class='ocrx_word' id='word_1_198' title='bbox 884 2188 897 2210; x_wconf 85' lang='lat'>‚</span> <span class='ocrx_word' id='word_1_199' title='bbox 929 2152 1168 2209; x_wconf 85' lang='lat' dir='ltr'>Punicam,</span> <span class='ocrx_word' id='word_1_200' title='bbox 1196 2151 1415 2198; x_wconf 84' lang='lat' dir='ltr'>malorum</span> <span class='ocrx_word' id='word_1_201' title='bbox 1448 2167 1521 2214; x_wconf 90' lang='lat' dir='ltr'>ge·</span> 
     </span>
     <span class='ocr_line' id='line_1_28' title="bbox 245 2223 1518 2289; baseline -0.002 -16"><span class='ocrx_word' id='word_1_202' title='bbox 245 2244 351 2273; x_wconf 65' lang='lat' dir='ltr'>nera</span> <span class='ocrx_word' id='word_1_203' title='bbox 368 2225 519 2272; x_wconf 83' lang='lat' dir='ltr'>omnia</span> <span class='ocrx_word' id='word_1_204' title='bbox 535 2261 548 2283; x_wconf 80' lang='lat'>‚</span> <span class='ocrx_word' id='word_1_205' title='bbox 570 2225 764 2281; x_wconf 78' lang='lat' dir='ltr'>laurum,</span> <span class='ocrx_word' id='word_1_206' title='bbox 787 2242 983 2288; x_wconf 75' lang='lat' dir='ltr'>prunos,</span> <span class='ocrx_word' id='word_1_207' title='bbox 1001 2238 1206 2289; x_wconf 84' lang='lat' dir='ltr'>myrtos,</span> <span class='ocrx_word' id='word_1_208' title='bbox 1236 2241 1372 2272; x_wconf 84' lang='lat' dir='ltr'>nuces</span> <span class='ocrx_word' id='word_1_209' title='bbox 1392 2223 1518 2271; x_wconf 85' lang='lat' dir='ltr'>avel-</span> 
     </span>
     <span class='ocr_line' id='line_1_29' title="bbox 245 2296 1520 2362; baseline -0.002 -16"><span class='ocrx_word' id='word_1_210' title='bbox 245 2301 364 2347; x_wconf 74' lang='lat' dir='ltr'>lanas</span> <span class='ocrx_word' id='word_1_211' title='bbox 383 2335 397 2358; x_wconf 90' lang='lat'><strong>‚</strong></span> <span class='ocrx_word' id='word_1_212' title='bbox 424 2301 473 2346; x_wconf 84' lang='lat'>&amp;</span> <span class='ocrx_word' id='word_1_213' title='bbox 491 2298 781 2345; x_wconf 75' lang='lat' dir='ltr'>Ptaenestinas</span> <span class='ocrx_word' id='word_1_214' title='bbox 795 2334 809 2356; x_wconf 82' lang='lat'>‚</span> <span class='ocrx_word' id='word_1_215' title='bbox 830 2299 1072 2361; x_wconf 83' lang='lat' dir='ltr'>platanum.</span> <span class='ocrx_word' id='word_1_216' title='bbox 1101 2299 1403 2362; x_wconf 76' lang='lat' dir='ltr'>propaginum</span> <span class='ocrx_word' id='word_1_217' title='bbox 1427 2296 1520 2344; x_wconf 91' lang='lat' dir='ltr'>duo</span> 
     </span>
     <span class='ocr_line' id='line_1_30' title="bbox 244 2370 1519 2437; baseline -0.002 -18"><span class='ocrx_word' id='word_1_218' title='bbox 244 2389 434 2437; x_wconf 79' lang='lat' dir='ltr'>genera:</span> <span class='ocrx_word' id='word_1_219' title='bbox 469 2386 593 2417; x_wconf 84' lang='lat' dir='ltr'>ramo</span> <span class='ocrx_word' id='word_1_220' title='bbox 624 2370 677 2416; x_wconf 87' lang='lat' dir='ltr'>ab</span> <span class='ocrx_word' id='word_1_221' title='bbox 705 2371 865 2417; x_wconf 83' lang='lat' dir='ltr'>arbore</span> <span class='ocrx_word' id='word_1_222' title='bbox 888 2370 1087 2433; x_wconf 75' lang='lat' dir='ltr'>depresso</span> <span class='ocrx_word' id='word_1_223' title='bbox 1121 2372 1168 2417; x_wconf 86' lang='lat' dir='ltr'>in</span> <span class='ocrx_word' id='word_1_224' title='bbox 1187 2370 1391 2418; x_wconf 87' lang='lat' dir='ltr'>scrobem</span> <span class='ocrx_word' id='word_1_225' title='bbox 1413 2387 1519 2434; x_wconf 91' lang='lat' dir='ltr'>qua-</span> 
     </span>
     <span class='ocr_line' id='line_1_31' title="bbox 242 2443 1519 2508; baseline -0.002 -18"><span class='ocrx_word' id='word_1_226' title='bbox 242 2458 348 2491; x_wconf 74' lang='lat' dir='ltr'>tuor</span> <span class='ocrx_word' id='word_1_227' title='bbox 379 2445 545 2508; x_wconf 80' lang='lat' dir='ltr'>pedum</span> <span class='ocrx_word' id='word_1_228' title='bbox 576 2460 765 2507; x_wconf 78' lang='lat' dir='ltr'>quoquo</span> <span class='ocrx_word' id='word_1_229' title='bbox 785 2479 797 2501; x_wconf 79' lang='lat'>‚</span> <span class='ocrx_word' id='word_1_230' title='bbox 828 2446 878 2491; x_wconf 84' lang='lat'>&amp;</span> <span class='ocrx_word' id='word_1_231' title='bbox 906 2443 1007 2507; x_wconf 79' lang='lat' dir='ltr'>post</span> <span class='ocrx_word' id='word_1_232' title='bbox 1027 2444 1258 2490; x_wconf 86' lang='lat' dir='ltr'>biennium</span> <span class='ocrx_word' id='word_1_233' title='bbox 1288 2453 1519 2506; x_wconf 82' lang='lat' dir='ltr'>amputato</span> 
     </span>
     <span class='ocr_line' id='line_1_32' title="bbox 241 2512 1518 2582; baseline -0.002 -18"><span class='ocrx_word' id='word_1_234' title='bbox 241 2518 360 2564; x_wconf 70' lang='lat' dir='ltr'>flexu</span> <span class='ocrx_word' id='word_1_235' title='bbox 382 2553 394 2575; x_wconf 81' lang='grc'><em>,</em></span> <span class='ocrx_word' id='word_1_236' title='bbox 424 2517 661 2582; x_wconf 72' lang='lat' dir='ltr'>plantaque</span> <span class='ocrx_word' id='word_1_237' title='bbox 691 2517 901 2564; x_wconf 74' lang='lat' dir='ltr'>translata</span> <span class='ocrx_word' id='word_1_238' title='bbox 931 2516 1031 2581; x_wconf 83' lang='lat' dir='ltr'>post</span> <span class='ocrx_word' id='word_1_239' title='bbox 1060 2517 1319 2565; x_wconf 80' lang='lat' dir='ltr'>trimatum:</span> <span class='ocrx_word' id='word_1_240' title='bbox 1355 2532 1462 2581; x_wconf 84' lang='lat' dir='ltr'>quas</span> <span class='ocrx_word' id='word_1_241' title='bbox 1487 2512 1518 2562; x_wconf 76' lang='lat' dir='ltr'>si</span> 
     </span>
    </p>
   </div>
   <div class='ocr_carea' id='block_1_3' title="bbox 1272 2602 1291 2617">
    <p class='ocr_par' dir='ltr' id='par_1_5' title="bbox 1272 2602 1291 2617">
     <span class='ocr_line' id='line_1_33' title="bbox 1272 2602 1291 2617; baseline 0 0"><span class='ocrx_word' id='word_1_242' title='bbox 1272 2602 1291 2617; x_wconf 55' lang='lat' dir='ltr'>S</span> 
     </span>
    </p>
   </div>
  </div>
 </body>
</html>
