1653 2797
216 178 487 228 NATUR.
521 179 825 227 HISTOR.
861 180 993 226 LIB.
1028 179 1246 227 XVIII.
1311 195 1399 241 273

119 303 238 334 men.
270 288 500 335 Sationem
520 286 633 333 locis
654 286 847 332 humidis
869 286 1054 334 celerius
1075 287 1172 335 fieri
1188 287 1303 335 ratio
1324 287 1404 345 est,

117 378 176 406 ne
200 360 347 407 semen
373 360 514 406 imbre
544 357 766 420 putrescat
787 376 798 405 ε
836 358 958 404 siccis
981 358 1143 419 serius,
1162 372 1210 406 ut
1235 359 1404 422 pluviae

118 430 387 495 sequantur:
423 447 479 476 ne
513 429 589 476 diu
622 428 778 492 jacens
811 443 945 494 atque
975 447 1072 477 non
1112 432 1404 496 concipiens,

117 503 367 550 evanescat.
401 503 602 566 Itemque
636 500 837 548 festinata
865 501 1035 549 satione
1067 504 1248 552 densum
1281 507 1402 570 spar-

119 576 162 640 gi
195 576 365 635 semen,
398 575 503 640 quia
539 575 662 622 tarde
704 574 966 640 concipiat:
1004 576 1197 626 serotina
1227 597 1407 644 rarum,

117 650 222 714 quia
251 650 463 697 denfitate
497 649 635 696 nimia
666 660 861 698 necetur.
905 651 1025 697 Artis
1053 668 1236 715 quoque
1258 654 1406 715 cujus—

115 719 218 768 dam
236 720 324 780 est,
344 721 574 787 aequaliter
600 720 815 785 spargere.
845 723 1005 770 Manus
1032 722 1187 787 utique
1216 741 1406 788 congru·

115 810 189 840 ere
208 793 342 841 debet
364 811 467 841 cum
493 793 656 858 gradu,
677 793 937 857 semperque
968 810 1068 841 cum
1091 794 1253 842 dextro
1273 797 1402 858 pede.

116 866 184 912 Fit
209 883 393 930 quoque
421 867 705 930 quorundam
735 866 916 914 occulta
937 866 1136 924 ratione,
1157 869 1282 931 quod
1304 868 1401 916 sors

115 938 294 1003 genialis
322 951 455 1003 atque
483 938 696 986 foecunda
719 938 794 986 est.
822 940 932 986 Non
957 941 1313 988 transferendum
1339 942 1402 989 est

114 1030 170 1059 ex
201 1012 369 1076 frigidis
397 1012 510 1059 locis
544 1011 694 1060 semen
726 1012 772 1058 in
809 1012 979 1072 calida,
1013 1030 1158 1077 neque
1189 1029 1246 1060 ex
1281 1032 1401 1078 prae-

113 1085 300 1132 cocibus
333 1083 381 1130 in
410 1083 602 1130 serotina
628 1101 640 1130 z
670 1084 803 1148 idque
837 1084 885 1131 in
921 1086 1197 1133 contrarium
1230 1104 1402 1150 praece-

112 1174 221 1221 pere
250 1157 429 1221 quidam
456 1156 561 1203 falsa
598 1156 839 1221 diligentia.

179 1232 272 1277 LV.
306 1231 459 1277 Serere
486 1229 532 1276 in
555 1229 709 1294 jugera
735 1242 987 1294 temperato
1022 1231 1121 1279 solo
1149 1230 1312 1295 justum
1340 1234 1402 1282 est

112 1302 250 1350 tritici
282 1314 357 1349 aut
389 1302 570 1366 siliginis
600 1303 782 1351 modios
813 1319 847 1349 v
865 1340 878 1362 ‚
906 1303 1058 1364 farris,
1082 1316 1159 1352 aut
1191 1305 1402 1368 seminis,

113 1375 273 1441 (quod
301 1375 514 1423 frumenti
547 1392 684 1441 genus
715 1377 776 1424 ita
810 1377 1154 1442 appellamus‚)
1181 1393 1216 1425 X
1237 1416 1250 1438 ‚
1281 1381 1398 1428 hor-

112 1449 185 1496 dei
205 1464 273 1496 VI.
311 1449 439 1496 Fabae
469 1450 674 1513 quintam
703 1462 876 1513 partem
905 1452 1118 1513 amplius,
1148 1469 1282 1515 quam
1314 1455 1399 1500 tri-

110 1524 190 1572 tici
212 1543 222 1571 :
248 1524 380 1572 viciae
414 1538 491 1570 ΧΠ
507 1560 521 1583 ,
547 1524 700 1572 ciceris
724 1527 775 1572 &
806 1525 1066 1584 cicerculae,
1086 1527 1136 1573 δε
1166 1528 1246 1590 pisi
1262 1565 1277 1585 ,
1307 1543 1363 1575 111
1381 1564 1398 1587 ‚

109 1600 254 1663 lupini
278 1617 308 1645 x
325 1635 339 1658 ,
359 1599 489 1645 lentis
522 1613 580 1644 ΠΙ
603 1617 613 1646 :
640 1598 712 1646 sed
743 1597 858 1645 hanc
893 1615 994 1644 cum
1020 1598 1130 1646 fimo
1156 1599 1282 1648 arido
1313 1602 1399 1651 seri

108 1673 276 1720 volunt
297 1690 308 1718 ε
333 1671 433 1718 ervi
464 1686 550 1730 vl,
581 1671 732 1719 filiciae
767 1686 823 1717 Vl
843 1707 857 1730 ‚
884 1669 1158 1718 faseolorum
1193 1688 1250 1719 IV
1267 1709 1281 1732 ‚
1311 1693 1394 1738 pa-

108 1746 203 1794 buli
231 1760 306 1792 ΧΧ
324 1783 338 1803 ,
365 1745 506 1804 milii,
529 1745 714 1809 panici,
745 1744 960 1793 sextarios
988 1759 1194 1810 quatuor.
1234 1746 1396 1811 Pingui

109 1818 210 1866 solo
251 1818 375 1881 plus,
413 1817 568 1881 gracili
603 1817 765 1865 minus.
820 1817 894 1864 Est
930 1819 981 1864 &
1012 1817 1098 1864 alia
1136 1817 1392 1867 distinaio:

111 1893 162 1938 In
193 1891 331 1937 denso
347 1926 361 1948 ‚
386 1907 462 1937 aut
498 1889 674 1938 cretoso
690 1927 706 1947 ‚
730 1901 808 1937 aut
833 1889 1064 1953 uliginoso
1093 1889 1193 1938 solo
1210 1927 1224 1950 ,
1253 1892 1394 1939 tritici

107 1975 184 2011 aut
210 1962 392 2026 siliginis
419 1963 598 2009 modios
632 1962 736 2010 sex:
771 1962 818 2008 in
847 1961 990 2009 soluta
1021 1974 1138 2010 terra
1168 1965 1313 2023 nuda,
1342 1968 1394 2014 δε

107 2039 248 2096 sicca,
267 2039 316 2084 &
335 2036 462 2093 laeta,
485 2046 693 2099 quatuor.
730 2035 896 2081 Macies
925 2034 1047 2082 enim
1075 2034 1187 2094 soli,
1214 2037 1293 2083 nisi
1319 2055 1392 2084 ra-

108 2128 210 2158 rum
241 2109 437 2156 culmum
461 2108 646 2165 habeat,
666 2106 828 2170 spicam
856 2107 1074 2155 minutam
1099 2106 1206 2155 facit
1224 2109 1273 2156 δε
1291 2109 1392 2157 ina-

108 2201 226 2231 nem.
277 2181 461 2244 Pinguia
498 2197 607 2227 arva
639 2196 696 2226 ex
731 2196 826 2226 uno
860 2179 1022 2226 semine
1055 2178 1264 2227 fruticem
1302 2199 1390 2228 nu-

108 2255 333 2305 merosum
363 2254 586 2312 fundunt,
612 2253 878 2317 densamque
909 2252 1098 2318 segetem
1134 2271 1158 2300 e
1186 2271 1288 2300 raro
1325 2255 1390 2302 se·

107 2331 229 2379 mine
259 2328 480 2375 emittunt.
517 2330 637 2391 Ergo
665 2327 783 2375 inter
810 2340 1004 2393 quatuor
1034 2329 1083 2374 δε
1101 2326 1175 2374 sex
1207 2327 1389 2375 modios

107 2420 193 2468 pro
222 2417 377 2448 natura
400 2401 506 2458 soli,
532 2400 606 2446 alii
625 2401 825 2465 quinque
854 2417 949 2446 non
970 2399 1116 2447 minus
1145 2398 1252 2457 seri,
1283 2400 1386 2463 plu-

103 2474 236 2524 resve
265 2471 561 2536 praecipiunt:
593 2471 702 2519 item
736 2472 786 2521 in
818 2471 995 2522 consito
1015 2507 1030 2531 ,
1065 2481 1140 2518 aut
1173 2469 1386 2532 clivoso,

172 2548 218 2595 C.
243 2548 360 2594 Plin.
398 2549 496 2595 Vol.
529 2546 616 2592 III.
1024 2545 1050 2569 ⁴*
1144 2543 1174 2590 S
