1653 2797
249 146 534 194 NATUR.
572 145 886 191 HISTOR.
925 146 1047 192 LIB.
1075 146 1216 191 XIX.
1304 163 1385 211 351

112 273 216 305 rum
244 273 345 321 quae
370 254 594 311 diximus,
618 251 927 316 dicemusque:
961 253 1074 301 &in
1095 252 1250 317 primis
1271 254 1390 317 apio*

110 331 160 378 Id
189 331 309 378 enim
339 327 467 394 quod
483 326 643 389 sponte
671 325 719 370 in
739 323 932 372 humidis
953 326 1176 385 nascitur,
1208 327 1392 374 heliose-

109 403 254 450 linum
277 412 502 457 vocatur‚
535 413 630 444 uno
665 395 812 454 folio,
847 415 931 445 nec
962 399 1192 448 hirsutum.
1226 400 1392 448 Rursus

109 478 158 524 in
195 478 320 525 s1ccis
349 471 708 537 hipposelinum,
747 471 949 534 pluribus
971 473 1115 532 foliis,
1143 475 1282 522 fimile
1312 476 1392 522 he-

109 553 334 600 lioselino.
376 548 583 597 Tertium
610 547 672 594 est
699 544 1023 605 oreoselinum‚
1058 548 1219 595 cicutae
1246 550 1393 609 foliis,

109 624 258 672 radice
278 622 435 682 tenui,
457 620 623 667 semine
646 619 824 678 anethi,
853 618 1097 668 minutiore
1123 634 1309 668 tantum.
1338 625 1394 669 Et

109 696 244 745 sativi
282 707 431 743 autem
471 693 731 741 differentiae
765 692 812 738 in
852 691 968 739 folio
1008 693 1175 752 denso,
1210 695 1393 758 crispo,

109 779 186 816 aut
201 768 371 815 rariore
389 769 439 815 δε
455 767 644 813 leviore.
680 768 790 812 Item
810 765 934 812 caule
955 766 1162 812 tenuiore
1181 779 1257 813 aut
1275 767 1394 814 cras-

110 842 242 889 fiore.
269 844 326 888 Et
347 840 485 887 caulis
507 839 700 886 aliorum
733 838 947 887 candidus
970 838 1032 885 est
1040 875 1057 898 ,
1077 839 1268 887 aliorum
1286 858 1393 904 pur-

109 931 275 977 pureus
289 950 303 972 ‚
321 913 513 960 aliorum
532 913 702 962 varius.
1194 907 1196 909 ,

188 989 447 1035 XXXVIII.
478 988 682 1035 La&ucae
712 987 865 1035 Graeci
905 987 988 1034 tria
1024 986 1169 1034 fecere
1204 1005 1392 1053 genera:

109 1078 255 1108 unum
287 1060 365 1107 lati
398 1060 563 1118 caulis,
593 1061 707 1106 adeo
738 1071 788 1106 ut
813 1060 975 1107 ostiola
1016 1061 1199 1108 olitoria
1239 1079 1294 1108 ex
1323 1062 1393 1110 his

108 1132 300 1181 factitari
331 1132 629 1196 prodiderint.
659 1133 836 1180 Folium
865 1134 932 1180 his
962 1134 1099 1197 paulo
1134 1134 1275 1196 majus
1295 1135 1394 1181 her-

107 1206 281 1264 baceo,
318 1207 367 1252 &
401 1204 780 1268 angustiffimum,
825 1217 875 1253 ut
914 1205 1020 1252 alibi
1047 1205 1284 1253 consumto
1318 1207 1392 1254 in-

109 1290 358 1328 cremento.
396 1278 602 1325 Alterum
622 1279 807 1325 rotundi
830 1279 966 1326 caulis
989 1297 998 1325 :
1025 1280 1204 1327 tertium
1225 1279 1393 1340 seffile,

106 1352 238 1416 quod
268 1351 533 1398 Laconicon
560 1363 748 1399 vocant.
782 1352 874 1399 Alii
898 1352 1083 1412 colore,
1115 1354 1166 1400 δε
1186 1364 1393 1416 tempore

107 1425 224 1475 satus
239 1462 255 1485 ,
272 1443 433 1490 genera
452 1425 715 1473 discrevere.
747 1426 843 1473 Effe
861 1426 980 1473 enim
1002 1426 1152 1491 nigras
1166 1463 1180 1486 ,
1203 1445 1392 1491 quarum

108 1500 257 1547 semen
275 1499 423 1547 mense
443 1498 652 1547 Januario
673 1497 866 1545 seratur:
901 1498 1043 1557 albas,
1063 1516 1255 1562 quarum
1271 1502 1391 1547 Mar·

106 1574 202 1620 tio:
235 1573 468 1630 rubentes,
494 1587 683 1634 quarum
714 1570 875 1633 Aprili.
920 1573 977 1616 Et
1002 1570 1207 1616 omnium
1238 1569 1390 1620 earum

106 1647 280 1710 plantas
307 1646 409 1709 post
448 1645 582 1692 binos
625 1644 794 1692 menses
829 1643 1006 1692 deferri.
1058 1644 1389 1709 Diligentiores

55 1737 60 1742 ·
106 1719 237 1783 plura
262 1735 425 1782 genera
453 1717 651 1765 faciunt:
685 1735 957 1781 purpureas,
990 1716 1150 1780 crispas
1169 1753 1183 1774 ‚
1210 1718 1389 1781 Cappa-

107 1791 243 1838 docas
257 1826 270 1848 ,
292 1791 488 1836 Graecas.
525 1788 770 1853 Longioris
791 1788 868 1835 has
888 1787 1014 1846 folii,
1040 1787 1264 1850 caulisque
1286 1788 1388 1835 lati:

106 1874 321 1925 praeterea
345 1862 473 1924 longi
496 1864 545 1908 δε
563 1861 755 1924 angusti,
783 1861 940 1907 intubi.
961 1860 1125 1907 similis.
1150 1861 1389 1909 Pessimum

107 1947 258 1981 autem
285 1950 421 1997 genus
453 1951 555 1980 cum
585 1934 938 1997 exprobratione
973 1933 1281 1981 amaritudinis
1306 1953 1389 1998 ap-

105 2008 333 2071 pellavere
353 2007 536 2070 picrida.
558 2007 628 2053 Est
643 2007 887 2054 etiamnum
907 2007 992 2054 alia
1014 2006 1236 2054 distinfflo
1258 2020 1388 2070 atrae,

107 2098 209 2145 quae
246 2081 448 2128 meconis
475 2091 677 2126 ‘vocatur
696 2116 710 2138 ‚
747 2098 772 2127 a
807 2081 938 2143 copia
968 2080 1090 2126 lastis
1118 2079 1386 2143 soporiferi,

107 2169 364 2217 quanquam
391 2168 547 2198 omnes
570 2151 776 2198 somnum
802 2168 955 2215 parere
978 2150 1230 2197 creduntur.
1252 2154 1387 2215 Apud

108 2225 322 2289 antiquos
356 2224 490 2271 Italiae
526 2224 615 2270 hoc
652 2223 795 2270 solum
830 2241 966 2288 genus
1002 2241 1154 2270 earum
1185 2223 1305 2281 fuit,
1336 2227 1385 2274 ὃ(

107 2299 213 2346 ideo
244 2298 425 2344 laffiucae
454 2314 623 2344 nomen
652 2297 835 2360 adeptae.
873 2298 1148 2360 Purpuream
1179 2300 1387 2347 maxima:

107 2371 294 2427 radicis,
313 2370 596 2416 Caecilianam
615 2382 800 2417 vocant.
823 2371 1081 2417 Rotundam
1098 2387 1212 2418 vero
1232 2390 1282 2418 ac
1302 2375 1388 2419 mi-

108 2445 231 2493 nima
258 2443 438 2506 radice,
458 2442 553 2491 latis
579 2442 700 2493 foliis
716 2479 732 2507 ,
760 2443 977 2509 astytida:
1010 2444 1277 2509 quidamque
1304 2463 1386 2494 eu-
