1653 2797
235 183 322 228 232
514 164 1286 214 C.PLINIISECUND1

232 290 347 322 terra
366 311 379 333 ‚
414 276 462 322 δε
487 273 654 321 cinerei
674 272 856 321 coloris.
891 273 1054 321 Omnis
1082 285 1204 322 creta
1225 275 1384 340 coquit
1401 312 1415 336 ‚
1440 273 1513 322 ni-

234 351 267 396 fi
294 365 549 412 permacra:
594 347 905 411 sabulumque,
941 348 1020 394 nifi
1060 349 1105 396 id
1144 350 1278 396 etiam
1300 362 1513 412 pertenue

234 424 296 469 est
316 441 325 468 :
358 424 408 470 &
427 422 573 469 multo
594 421 908 484 campestribus
938 423 1077 487 magis
1092 459 1107 482 ‚
1137 433 1277 487 quam·
1301 423 1513 483 clivofis,

232 497 506 559 respondent
533 496 700 542 eadem.
1421 537 1433 540 ,,

302 586 342 631 3.
373 570 563 617 Modum
583 569 678 633 agri
702 568 749 614 in
770 569 926 631 primis
948 568 1217 616 servandum
1236 567 1409 632 antiqui
1427 585 1514 631 pu-

229 655 386 690 tavere
409 661 419 688 z
454 642 620 705 quippe
641 641 701 687 ita
720 640 957 687 censebant
973 677 986 700 ‚
1007 641 1157 688 Satius.
1179 641 1262 687 effe
1279 643 1428 687 minus
1447 641 1516 688 se-

232 732 360 773 rere,
395 717 446 762 &
473 714 632 761 melius
660 730 812 760 arare:
845 730 933 777 qua
963 712 1012 759 in
1044 711 1259 759 sententia
1282 715 1334 760 &
1364 713 1516 776 Virgi-

234 790 345 835 lium
369 787 496 835 fuiffe
514 788 668 833 video.
696 787 957 850 Verumque
982 784 1303 833 confitentibus
1334 785 1516 832 latifun-

236 862 306 907 dia
331 861 563 924 perdidere
588 858 783 905 Italiam:
808 856 897 919 jam
916 875 1031 905 vero
1053 860 1101 906 &
1121 858 1399 921 provincias.
1429 861 1515 906 Sex

237 934 410 981 domini
441 931 655 978 semifl'em
675 931 842 978 Africae
862 932 1142 995 poffidebant
1160 968 1174 989 ‚
1210 949 1312 979 cum
1333 932 1518 980 interfe-

238 1009 301 1053 cit
335 1023 412 1052 eos
443 1006 569 1052 Nero
605 1005 843 1069 princeps:
877 1022 972 1051 non
1003 1005 1252 1052 fraudando
1290 1007 1518 1071 magnitu-

238 1082 342 1127 dine
369 1081 454 1127 hac
485 1096 669 1142 quoque
697 1079 770 1126 sua
798 1080 885 1125 Cn.
906 1078 1126 1142 Pompeio
1143 1116 1157 1137 ‚
1179 1080 1257 1142 qui
1287 1097 1520 1145 nunquam

238 1171 395 1218 agrum
414 1163 636 1199 mercatus
665 1152 725 1198 est
752 1151 1101 1199 conterminum.
1134 1154 1258 1215 Agro
1283 1164 1405 1199 emto
1431 1153 1519 1199 do—

242 1246 364 1274 mum
391 1227 703 1284 vendendam,
734 1226 1027 1273 inclementer
1041 1261 1055 1283 ,
1076 1236 1207 1289 atque
1226 1242 1323 1272 non
1349 1243 1406 1273 ex
1431 1226 1522 1273 uti-

240 1303 364 1349 litate
401 1300 572 1364 publici
609 1300 745 1347 status
780 1302 920 1365 Mago
958 1299 1158 1357 censuit,
1198 1299 1289 1347 hoc
1326 1300 1520 1346 exordio

240 1386 465 1436 praecepta
492 1373 685 1435 pandere
713 1372 952 1436 ingreffils,
980 1383 1031 1418 ut
1049 1384 1198 1418 tamen
1228 1383 1438 1436 appareat
1454 1370 1525 1418 as-

243 1446 353 1492 sidu}
358 1458 490 1492 tatem
521 1445 805 1492 defideratam
841 1447 896 1491 ab
927 1462 999 1492 eo.

331 1517 585 1576 4De'ninc
615 1518 774 1579 peritia
809 1535 859 1563 v
846 1518 1074 1564 llicorum
1108 1518 1155 1563 in
1185 1534 1292 1564 cura
1319 1483 1524 1565 habenda

244 1592 331 1638 est:
331 1536 595 1652 4multaque
626 1590 714 1636 de
704 1590 755 1636 iis
773 1591 892 1637 Cato
919 1591 1145 1654 praecepit.
1183 1591 1330 1637 Nobis
1351 1591 1450 1637 satis
1469 1592 1522 1637 fit

245 1664 432 1721 dixifl'e,
468 1680 602 1726 quam
638 1663 898 1726 proximum
933 1663 1125 1710 domino
1162 1664 1300 1711 corde
1323 1664 1407 1710 effe
1440 1665 1521 1710 de·-

246 1742 350 1786 bere
363 1776 375 1797 ‚
400 1742 449 1786 &
467 1751 615 1784 tamen
634 1737 888 1801 fibimetipfi
904 1755 999 1784 non
1019 1738 1180 1784 videri.
1215 1738 1323 1784 Coli
1348 1755 1450 1784 rura
1465 1739 1522 1785 ab

244 1813 473 1876 ergastulis
493 1811 721 1873 peffimum
740 1810 800 1857 est
816 1848 828 1868 ‚
856 1813 905 1859 &
925 1812 1142 1875 quidquid
1162 1812 1308 1875 agitur
1326 1829 1350 1858 a
1373 1812 1522 1875 despe-

244 1887 462 1934 rantibus.
493 1885 801 1933 Temerarium
832 1885 1041 1932 videatur
1070 1903 1204 1931 unam
1239 1902 1405 1932 vocem
1439 1903 1521 1932 an-

244 1962 476 2017 tiquorum
509 1958 697 2021 posuiffe
715 1995 728 2015 ,
753 1959 802 2005 &
834 1957 1025 2004 fortaffis
1054 1958 1315 2004 incredibile
1344 1959 1522 2021 penitus

244 2033 548 2080 existimetur:
582 2031 710 2077 Nihil
744 2032 889 2078 minus
921 2030 1165 2094 expedire,
1198 2048 1332 2094 quam
1366 2049 1522 2095 agrum

245 2108 417 2170 optime
441 2106 604 2152 colere.
634 2108 682 2152 L.
695 2106 855 2153 Tarius
876 2104 1017 2151 Rufus
1037 2102 1187 2150 infima
1209 2104 1422 2152 natalium
1442 2105 1522 2160 hu-

245 2181 463 2237 militate,
501 2179 796 2225 Consulatum
834 2178 1012 2225 militari
1057 2178 1265 2224 industria
1303 2179 1520 2237 meritus,

244 2254 439 2310 antiquae
468 2253 570 2299 alias
607 2253 921 2314 parcimoniae‚
945 2251 1122 2297 circiter
1148 2251 1308 2297 millies
1327 2252 1438 2298 H-S.
1464 2251 1521 2296 li-

243 2327 473 2372 beralitate
503 2326 619 2372 Divi
649 2325 833 2388 Augusti
864 2325 1123 2388 congestum
1141 2361 1154 2382 ‚
1186 2325 1325 2389 usque
1353 2325 1408 2372 ad
1439 2327 1518 2371 de-

244 2399 554 2445 trectationem
579 2397 752 2444 heredis
770 2397 994 2452 exhausit,
1014 2414 1143 2461 agros
1162 2397 1207 2444 in
1228 2399 1394 2446 Piceno
1413 2413 1517 2444 coe·
1567 2413 1573 2428 ¹

244 2471 407 2516 mendo
424 2506 438 2527 ‚
460 2470 759 2532 colendoque.
795 2472 840 2515 In
863 2469 1005 2533 gloria
1029 2470 1382 2517 internecionem
1408 2485 1517 2532 ergo
