1653 2797
199 155 291 201 342
465 136 520 183 C.
573 136 833 182 PLINII
886 136 1260 186 SECUNDI

197 247 362 294 stinaca
395 243 642 308 gracilitate
679 242 805 295 distat
823 281 839 302 ,
877 244 1137 296 damnatum
1167 244 1214 292 in
1243 244 1383 305 cibiS‚
1414 245 1489 295 sed

198 318 436 367 medicinae
459 317 582 369 utile.
621 316 693 364 Est
722 319 771 365 &
792 329 1003 382 quartum
1028 334 1166 381 genus
1187 319 1234 365 in
1259 319 1414 366 eadem
1432 320 1489 366 fi-

199 391 452 438 militudine
474 390 728 453 pastinacae,
750 407 884 454 quam
903 390 1046 437 nostri
1060 391 1284 439 Gallicam
1299 404 1490 450 vocant,

201 464 354 511 Graeci
388 480 504 514 vero
537 464 744 510 daucon:
778 463 913 526 cujus·
937 480 1101 528 genera
1127 464 1262 513 etiam
1292 477 1492 530 quatuor

201 536 381 584 fecere:
416 538 533 584 inter-
564 538 736 584 medica
770 537 1025 587 dicendum,

268 611 479 659 XXVffl.
512 610 625 656 Siser
645 612 694 657 &
721 609 862 674 ipsum
883 610 1095 658 Tiberius
1117 611 1324 674 princ-eps
1355 611 1494 660 nobi-

202 683 382 741 litavit,
412 683 617 747 flagitans
646 683 857 730 omnibus
886 682 1014 731 annis
1040 699 1065 729 e
1085 684 1344 733 Germania.
1384 684 1494 731 Gel-

205 757 323 807 duba
356 756 604 820 appellatur
636 755 863 802 castellum
898 756 1066 802 Rheno
1094 756 1387 819 impositum,
1414 756 1495 803 ubi

205 830 474 909 generofitas
506 828 743 891 praecipua.
784 831 852 875 Ex
875 846 970 893 quo
1001 841 1186 893 apparet
1215 829 1388 895 frigidis
1419 829 1494 875 lo-

206 902 271 949 cis
303 900 568 948 convenire.
608 901 721 947 Inest
752 900 1036 965 longitudine
1073 919 1273 961 nervus,
1299 903 1380 967 qui
1411 902 1492 949 de-

207 971 348 1017 coctis
380 968 660 1027 extrahitur,
686 969 993 1017 amaritudinis
1018 982 1166 1018 tamen
1190 988 1349 1051 magna
1369 985 1496 1035 parte

207 1042 389 1089 reuera:
424 1059 525 1105 quae
554 1041 744 1088 mulso
734 1060 781 1088 m
819 1042 930 1089 cibis
970 1055 1248 1106 temperata,
1283 1043 1415 1090 etiam
1447 1043 1497 1091 in

206 1114 396 1182 gratiam
422 1113 629 1161 vertitur.
666 1115 846 1161 Nervus
871 1114 991 1160 idem
1010 1117 1059 1162 ὅ(
1086 1115 1324 1178 pastinacae
1353 1114 1497 1177 majo-

209 1188 283 1246 ri,
313 1188 548 1235 dumtaxat
571 1188 807 1235 anniculae.
843 1187 994 1235 Siseris
1024 1188 1137 1236 satus
1167 1189 1388 1237 mensibus
1414 1193 1498 1236 Fe-

208 1223 425 1323 briiario,
451 1259 620 1307 Martio
634 1259 838 1327 Aprili,
858 1259 1083 1324 Augusto,
1105 1260 1378 1327 Septembri,
1399 1261 1498 1308 Oc·-

210 1333 347 1380 tobri.

277 1404 454 1452 XXIX.
489 1405 683 1452 Brevior
713 1404 783 1453 his
812 1405 896 1464 est,
926 1405 1000 1453 sed
1029 1405 1256 1465 torosior,
1276 1404 1499 1452 amarior-

209 1493 328 1540 que,
361 1478 515 1535 inula,
542 1495 622 1541 per
655 1478 697 1525 se
732 1478 966 1527 stomacho
993 1478 1315 1526 inimicissima:
1343 1478 1499 1524 eadem

209 1548 417 1595 dulcibus
449 1549 601 1595 mixtis
631 1549 928 1598 saluberrima.
967 1551 1171 1597 Pluribus
1191 1550 1339 1597 modis
1358 1548 1501 1596 auste-

211 1620 343 1668 ritate
372 1620 491 1667 vffia
525 1621 712 1685 gratiam
744 1623 936 1670 invenit.
973 1624 1181 1686 Namque
1207 1624 1257 1670 &
1277 1621 1324 1667 in
1357 1621 1499 1684 polli-

212 1711 319 1740 nem
344 1694 547 1739 tunditur
577 1695 724 1752 arida,
759 1694 1026 1759 liquidoque
1059 1693 1181 1741 dulci
1201 1705 1497 1758 temperatur:

212 1767 265 1813 &
285 1765 468 1812 decoeta
494 1765 654 1828 posca,
676 1777 751 1814 aut
774 1766 992 1814 asservata
1008 1802 1022 1825 ,
1053 1765 1131 1813 vel
1153 1781 1375 1813 macerata
1395 1764 1500 1829 plu-

212 1840 337 1887 ribus
372 1839 548 1898 modiS,
585 1841 636 1887 &
663 1851 772 1887 tunc
804 1840 945 1888 mixta
982 1838 1190 1898 defruto,
1222 1850 1297 1886 aut
1327 1837 1502 1888 subaEla

212 1911 375 1971 melle,
407 1911 570 1959 uvisve
594 1911 720 1975 paffis
736 1947 751 1970 ,
781 1924 855 1959 aut
882 1911 1121 1976 pinguibus
1142 1909 1360 1976 caryotis..
1393 1910 1502 1957 Alio

214 1985 361 2033 rursus
399 1985 541 2032 modo
574 1985 781 2032 cotoneis
807 1986 936 2040 malis
953 2021 966 2045 ‚
995 1984 1072 2036 vel
1098 1983 1239 2030 sorbis
1256 2020 1270 2043 ,
1294 1995 1370 2031 aut
1395 2001 1501 2047 pru-

214 2059 310 2118 nis,
341 2059 583 2122 aliquando
604 2060 759 2123 pipere
789 2072 865 2107 aut
897 2061 1066 2125 thymo
1087 2057 1284 2117 variata,
1306 2057 1503 2107 defeetus

214 2132 442 2195 praecipue
473 2132 694 2180 stomachi
727 2131 926 2191 excitat,
957 2131 1172 2179 illustrata
1203 2131 1397 2177 maxime
1424 2132 1501 2179 Ju-

214 2204 289 2250 liae
327 2204 533 2268 Augustae
569 2204 842 2268 quotidiano
878 2205 997 2251 cibo.
1035 2204 1372 2265 Supervacuum
1405 2201 1502 2264 ejus

214 2276 390 2324 semen:
421 2277 636 2341 quoniam
665 2277 810 2324 oculis
829 2294 886 2324 ex
911 2276 1057 2324 radice
1077 2275 1233 2322 excisis
1250 2311 1264 2334 ‚
1293 2286 1344 2321 ut
1362 2291 1499 2321 arun-

164 2340 167 2342 .
216 2351 312 2410 do,
349 2350 520 2398 seritur.
553 2353 609 2397 Et
636 2349 730 2398 haec
757 2362 934 2406 autem,
969 2351 1018 2397 &
1054 2348 1186 2407 siser,
1219 2350 1269 2396 ὅτ
1301 2346 1494 2411 pastina·-

218 2437 294 2483 (ἃ,
313 2436 508 2488 utroque
523 2430 756 2486 tempore}³
775 2438 883 2473 vere
901 2421 952 2478 ὅ(
969 2434 1187 2472 autumno
1201 2455 1218 2483 ,
1241 2419 1494 2486 magnisfjse-
