1653 2797
211 200 1262 251 NATUR.H15TOR.LIB.XV111.
1301 219 1396 267 277-

114 308 246 356 etiam
275 309 321 355 in
338 307 490 355 iisdem
514 306 688 355 diversa
706 308 959 370 prodendo.
995 311 1108 360 Tres
1128 323 1272 361 autem
1297 312 1391 360 fue-

113 400 163 429 re
195 382 347 430 sectae:
374 380 602 437 Chaldaea,
635 381 876 444 AEgyptia,
906 383 1078 429 Graeca.
1110 384 1190 432 His
1224 384 1395 432 addidit

114 455 236 517 apud
257 470 342 500 nos
371 463 570 516 quartam
599 451 746 497 Caesar
772 451 1002 511 Dictator,
1031 471 1173 501 annos
1200 456 1254 501 ad
1273 455 1394 503 Solis

117 525 291 574 cursum
324 523 527 588 redigens
561 523 788 587 singulos,
823 523 1033 587 Sofigene
1063 527 1210 587 perito
1245 527 1393 574 scien-

115 600 189 646 tiae
216 598 309 661 ejus
336 597 550 644 adhibito.
576 599 632 643 Et
661 614 711 644 ea
739 595 830 660 ipsa
861 597 978 644 ratio
999 597 1153 660 postea
1182 615 1395 663 comper-

116 690 166 721 to
196 689 350 720 errore
385 673 584 720 correAEta
613 671 702 718 est:
729 671 791 717 ita
816 682 866 717 ut
890 684 965 717 XII
1007 672 1134 718 annis
1160 674 1394 721 continuis

116 761 212 792 non
236 745 594 803 intercalaretur,
625 744 727 809 quia
746 755 945 807 coeperat
972 743 1110 791 fidera
1130 761 1274 791 annus
1291 761 1397 791 mo-

115 820 228 879 rari,
268 819 345 884 qui
373 819 495 883 prius
529 818 830 866 antecedebat.
863 820 919 864 Et
939 817 1169 882 Sofigenes
1193 818 1285 881 ipse
1316 819 1397 866 tri-

116 893 186 940 nis
216 891 700 949 commentationibus,
728 908 985 955 quanquam
1017 891 1276 955 diligentior
1318 909 1397 939 ce-

117 965 252 1024 teris,
292 981 388 1012 non
415 964 597 1011 ceffavit
635 976 784 1010 tamen
815 963 1103 1022 addubitare,
1130 963 1222 1026 ipse
1259 963 1397 1014 semet

119 1039 406 1103 corrigendo.
428 1039 645 1086 Au&ores
666 1037 906 1101 prodidere
925 1054 976 1084 ea
990 1073 1004 1096 ‚
1022 1054 1137 1101 quos
1154 1038 1400 1100 praetexui-

117 1129 214 1160 mus
241 1111 469 1160 volumini
488 1111 592 1158 huie
609 1147 622 1170 ,
646 1127 750 1157 raro
778 1110 912 1157 ullius
938 1110 1154 1157 sententia
1183 1128 1289 1159 cum
1307 1110 1404 1158 alio

120 1197 412 1249 congruente.
447 1184 599 1231 Minus
632 1183 723 1230 hoc
759 1183 806 1229 in
842 1183 1023 1248 reliquis
1058 1182 1247 1241 mirum,
1283 1199 1402 1248 quos

121 1256 286 1304 diverfi
312 1255 623 1304 excusaverint
657 1256 834 1302 tractus.
874 1259 1048 1302 Eorum
1074 1256 1151 1319 qui
1175 1256 1222 1302 in
1244 1257 1401 1305 eadem

121 1329 307 1393 regione
327 1328 555 1387 diffedere‚
570 1345 704 1375 unam
722 1328 989 1376 discordiam
1006 1345 1226 1391 ponemus
1248 1345 1401 1375 exem-

121 1402 187 1466 pli
219 1401 390 1467 gratia:
422 1400 644 1449 Occasum
674 1401 943 1447 matutinum
976 1400 1275 1465 Vergiliarum
1305 1402 1400 1447 He-

122 1475 273 1522 fiodus
303 1473 430 1539 (nam
457 1472 587 1535 hujus
605 1488 789 1536 quoque
820 1472 1006 1520 nomine
1035 1471 1175 1518 exstat
1195 1472 1401 1519 Astrolo-

122 1545 218 1610 gia)
243 1545 424 1592 tradidit
446 1544 567 1603 fieri,
589 1561 690 1592 cum
719 1542 1039 1605 aequinoftium
1058 1543 1262 1589 autumni
1287 1560 1404 1591 con·

124 1620 364 1668 ficeretur:
399 1620 561 1668 Thales
593 1618 810 1682 vigesimo
857 1617 1022 1682 quinto
1064 1617 1134 1665 die
1166 1618 1222 1665 ab
1259 1619 1405 1684 aequi-

125 1694 314 1740 nociio:
350 1690 685 1740 Anaximander
714 1689 934 1756 vigesimo
965 1706 1121 1739 nono:
1155 1691 1405 1739 Euctemon

126 1779 309 1813 Xtvm.

198 1839 298 1884 Nos
332 1834 566 1900 sequemur
598 1833 964 1882 observationem
997 1833 1217 1883 Caesaris:
1256 1837 1404 1884 maxi-

128 1926 288 1973 meque
315 1909 412 1956 haec
443 1909 528 1956 erit
561 1909 697 1957 Italiae
733 1909 866 1957 ratio.
908 1909 1128 1958 Dicemus
1166 1925 1316 1958 tamen
1355 1914 1406 1960 δε

129 1983 322 2029 aliorum
353 1980 545 2044 placita:
581 1981 798 2045 quoniam
833 1998 928 2028 non
962 1981 1095 2029 unius
1137 1993 1297 2042 terrae,
1333 1983 1407 2030 sed

129 2056 271 2105 totius
306 2068 477 2103 naturae
511 2055 774 2119 interpretes
808 2055 984 2103 sumus:
1020 2073 1118 2105 non
1150 2058 1408 2105 austoribus

131 2129 286 2193 pofitis
317 2129 388 2190 (id
414 2129 534 2176 enim
553 2128 796 2176 verbosum
825 2128 910 2194 est)
934 2128 1007 2176 sed
1037 2129 1321 2195 regionibus:
1345 2131 1408 2178 le·

133 2214 284 2266 gentes
306 2213 477 2248 tantum
505 2201 814 2260 meminerint,
836 2202 1068 2250 brevitatis
1097 2202 1236 2267 gratia
1257 2239 1271 2261 ,
1303 2221 1408 2251 cum

132 2277 282 2323 Attica
316 2275 548 2321 nominata
579 2274 712 2322 fuerit
732 2311 748 2334 ,
783 2274 913 2322 fimul
951 2275 1201 2340 intelligere
1232 2277 1408 2340 Cycla-

137 2347 213 2394 das
249 2346 432 2393 insulas:
471 2363 575 2393 cum
608 2347 879 2395 Macedonia
898 2384 913 2407 ‚
940 2349 1237 2413 Magnesiam,
1261 2349 1410 2395 Thra-

139 2421 282 2467 ciam:
320 2437 421 2467 cum
452 2422 700 2485 AEgyptus,
733 2422 1013 2483 Phoenicen,
1035 2426 1270 2488 Cyprum,
1293 2424 1411 2471 Cili-

142 2492 289 2543 ciam:
323 2510 425 2541 cum
456 2495 665 2557 Boeotia,
681 2496 952 2558 Locridem,
975 2497 1217 2545 Phocidem
1236 2534 1251 2557 ,
1277 2499 1328 2547 8(
1355 2496 1415 2555 fi·.
