1653 2797
218 159 303 192 112
486 144 541 190 C.
590 142 850 188 PLINII
897 142 1273 191 SECUNDI

211 268 313 299 mos
345 262 530 298 vocant.
582 251 631 296 In
670 249 902 297 Laconico
944 265 1104 314 genere
1136 251 1329 298 maxime
1376 249 1491 300 sunta

274 326 323 372 L.
356 326 469 370 Sunt
498 325 548 371 &
574 323 727 370 biferae
760 324 807 370 in
840 323 1016 370 eisdem‘.
1054 325 1102 370 In
1125 326 1216 371 Cea
1246 325 1387 372 insula
1414 343 1490 373 cad

211 400 360 465 prifici
385 400 551 447 triferae
585 390 696 446 su‘nt.
733 398 886 445 Primo
911 398 1029 444 foetu
1048 398 1233 462 sequens
1255 411 1493 458 evocatur,

212 473 415 537 sequenti
443 473 634 520 tertius:
667 471 757 518 hoc
783 470 858 517 fici
887 469 1213 534 caprificantur.
1259 474 1316 519 Et
1349 471 1494 535 capri-

211 545 288 593 fici
315 558 462 593 autem
495 546 549 593 ab
584 545 777 592 adversis
814 544 935 591 foliis
970 543 1219 591 nascuntur.
1257 542 1416 592 Biferae
1445 547 1496 593 δε

211 618 261 665 in
289 619 415 665 malis
447 635 497 666 ac
523 618 629 681 piris
657 617 887 680 quedam,
909 615 1021 661 ficut
1045 618 1095 663 &
1116 633 1357 678 praecoces.
1391 618 1496 663 Ma·-

209 692 280 739 lus
308 691 516 739 filvestris
543 689 719 738 bifera..
739 691 936 753 Sequens
958 688 1052 751 ejus
1082 688 1249 736 frtifflis
1265 689 1366 753 post
1385 691 1497 737 Arc-

211 777 365 812 turum
389 765 434 810 in
468 763 631 826 apricis
666 762 875 809 maxime.
911 762 1037 807 Vites
1057 762 1239 825 quidem
1262 763 1312 809 &
1329 761 1497 809 triferae

214 835 318 883 sunt
336 874 349 896 ‚
383 852 490 900 quas
521 836 582 880 ob
617 834 662 878 id
688 833 858 880 insanas
886 849 1084 881 vocant:
1116 833 1334 897 quoniam
1364 834 1412 879 in
1443 835 1498 881 iis

214 910 299 957 alia
330 909 658 969 maturescunt,
684 910 769 957 alia
796 909 1083 974 turgescunt,
1104 910 1188 957 alia
1216 908 1397 957 florent.
1431 912 1499 958 M.

220 987 365 1029 Varro
397 983 552 1028 auetor
578 982 640 1028 est
661 1019 674 1041 ,
696 983 838 1029 vitem
873 982 999 1030 fuiffe
1024 984 1231 1047 Smyrnae
1256 983 1375 1046 apud
1396 984 1496 1028 Ma-

216 1069 366 1103 troum
386 1055 598 1113 biferam‚
618 1057 668 1103 &
685 1056 852 1102 malum
872 1057 919 1102 in
941 1072 1048 1119 agro
1067 1054 1364 1102 Consentino.
1392 1056 1499 1103 Hoc

214 1142 362 1177 autem
397 1129 553 1176 evenit
582 1143 812 1192 perpetuov
834 1130 881 1174 in
909 1129 1156 1192 Tacapenfi
1175 1129 1338 1176 Africae
1360 1146 1500 1193 agro,

214 1205 269 1250 de
301 1219 394 1265 quo
426 1201 551 1266 plura
582 1202 722 1249 alias:
755 1219 805 1248 ea
843 1201 905 1247 est
939 1201 1021 1246 soli
1056 1201 1270 1248 fertilitas.
1322 1201 1501 1249 Trifera

212 1277 275 1325 est
309 1280 359 1325 &
394 1277 632 1340 cupreffus.
671 1278 877 1339 Namque
909 1275 1057 1323 baccae
1089 1275 1182 1337 ejus
1217 1276 1498 1340 colliguntur

212 1349 360 1397 mense
392 1351 606 1398 Januario
628 1385 642 1409 ‚
669 1352 719 1398 &
749 1349 905 1410 Maio,
935 1350 984 1397 &
1014 1350 1294 1412 Septembri:
1325 1348 1495 1396 ternas-

213 1439 301 1486 que
335 1439 489 1468 earum
520 1423 633 1486 gerit
669 1422 1012 1485 magnitudines.

310 1494 384 1540 Est
420 1510 533 1540 vero
571 1497 621 1541 δε
658 1494 703 1539 in
741 1495 841 1556 ipsis
877 1494 1114 1542 arboribus
1157 1495 1292 1541 etiam
1326 1494 1496 1542 onustis

212 1563 448 1627 peculiaris
491 1565 750 1611 differentia.
806 1565 985 1610 Summa
1030 1565 1094 1610 sui
1138 1578 1262 1627 parte
1300 1565 1498 1611 fenilio*-

215 1652 285 1683 res
303 1671 317 1694 9
343 1637 555 1695 arbutus,
586 1652 774 1700 quercus
798 1655 808 1683 :
845 1636 1060 1682 inferiore
1079 1672 1093 1693 ‚
1122 1635 1379 1701 juglandes,
1419 1635 1497 1684 fici

215 1709 428 1756 mariscae.
460 1711 657 1767 Omnes‚
685 1726 778 1773 quo
815 1710 949 1772 magis
982 1709 1239 1769 senescunt,
1269 1710 1359 1756 hoc
1400 1727 1497 1756 maa

216 1780 357 1828 tui-ius
393 1782 573 1840 ferunt,
600 1784 649 1830 &
671 1783 716 1828 in
741 1783 903 1846 apricis
924 1782 1066 1842 locis,
1102 1801 1184 1830 nec
1218 1779 1374 1847 pingui
1403 1796 1496 1829 ter-⁶

218 1871 280 1902 ra.
320 1855 605 1903 Silvestriora
637 1855 790 1902 omnia
830 1857 1043 1904 tardiora.
1089 1858 1311 1917 Quaedam
1347 1874 1402 1903 ex
1442 1858 1497 1905 iis

218 1929 411 1976 omnino
448 1947 544 1975 non
576 1929 889 1981 maturescunt.
928 1932 1036 1977 Item
1070 1948 1168 1994 quae
1207 1930 1498 1989 subarantur,

219 2014 294 2050 aut
314 2020 414 2066 quae
445 2005 784 2067 ablaqueantur,
821 2005 1037 2052 celeriora
1057 2006 1294 2069 negleffis:
1328 2006 1424 2053 haec
1445 2007 1497 2053 δέ

219 2076 451 2124 fertiliora.

282 2153 351 2197 LI.
381 2151 452 2197 Est
487 2151 730 2198 etiamnum
774 2153 912 2200 aetatis
953 2152 1212 2200 differentia.
1246 2151 1497 2219 Amygdala

219 2220 341 2269 enim
370 2225 419 2270 &
444 2223 565 2285 pirus
596 2224 641 2268 in
675 2223 840 2271 seneEla
871 2223 1168 2272 fertiliffimae:
1202 2236 1251 2271 ut
1283 2227 1334 2273 &
1367 2225 1494 2289 glan-*⁰

221 2294 395 2353 diferae‚
422 2298 472 2343 δε
498 2298 727 2360 quoddam
747 2315 884 2361 genus
905 2297 1110 2345 ficorum.
1151 2299 1326 2345 Ceterae
1347 2299 1394 2345 in
1423 2297 1494 2359 ju*-

224 2381 360 2415 venta
389 2369 638 2433 tardiusque
675 2383 970 2417 maturantes:
998 2372 1125 2435 quod
1144 2374 1337 2419 maxime
1361 2384 1494 2418 nota-

221 2452 295 2486 tur
319 2441 366 2486 in
398 2441 579 2489 vitibus.
612 2442 941 2489 Vetustioribus
971 2444 1090 2490 enim
1117 2444 1278 2493 vinum
1307 2444 1492 2492 melius}
