1653 2797
258 195 549 243 NATUR.
586 161 1249 242 HISTO‘·R.L113'.XV1.
1339 209 1420 256 ως

141 304 351 367 quaedam
393 301 684 357 urbaniores,
719 316 831 363 quas
873 301 940 346 his
976 299 1123 364 placet
1163 302 1427 349 nominibus

145 378 428 442 distinguere.
455 377 536 423 Hae
561 375 688 421 mites
702 411 716 432 ,
739 374 852 437 quai
869 374 1038 433 fructu,
1060 389 1137 423 aut
1153 378 1426 442 aliquadote

144 453 465 502 umbrarumve
490 448 648 496 officio
667 448 904 500 hunianius
923 447 1085 511 juvant
1099 486 1113 508 ‚
1134 469 1231 498 non
1251 452 1429 515 impro—-

145 523 203 571 be
221 523 427 575 dicantur
440 521 644 574 ‚urbana

147 639 152 643 .
211 595 426 641 XXXIII.
465 596 640 644 Harum
671 590 821 659 generi
857 611 954 641 non
995 595 1236 643 decidunt:
1279 596 1392 644 oleae
1412 634 1429 656 ‚

145 668 300 725 lauro,
315 667 495 730 palmae,
516 679 697 731 myrto,
717 669 945 731 cupresso,
963 669 1079 732 pinis
1091 706 1104 727 ,
1122 670 1264 716 ederae
1278 706 1291 725 ‚
1314 671 1431 716 rho-1

144 739 421 799 dodmdro,
446 739 503 787 i&
539 737 779 802 (quamvis
829 739 965 787 herba
1009 741 1217 806 dicatur)
1252 741 1431 790 sabinae.

145 812 530 878 Rhododendron
551 848 565 870 ,
585 825 635 858 ut
662 813 850 860 nomine
875 825 1081 876 apparet,
1102 832 1127 861 a
1150 815 1324 862 Graecis
1346 832 1432 862 ve-

147 883 232 931 nit.
252 883 342 930 Alii
369 885 535 934 nerion
551 897 802 942 vocarunt,
821 885 897 933 alii
914 886 1297 950 rhododaphnen,
1316 886 1431 933 sem-

147 955 379 1019 piternum-
402 956 562 1006 fronde
579 993 595 1015 ‚
621 957 732 1007 rosae
764 957 1051 1010 similitudine
1069 995 1082 1017 ,
1106 960 1304 1006 caulibus
1335 958 1433 1005 fru-

149 1027 359 1079 ticosum„
384 1028 599 1076 Jumentis
613 1029 843 1093 caprisque
863 1032 914 1077 &
928 1030 1095 1077 ovibus
1117 1048 1344 1078 venenum
1358 1032 1436 1080 est.

149 1102 273 1158 Idem
314 1101 492 1148 homini
527 1113 688 1150 con-tra
717 1101 988 1164 serpentium
1012 1119 1190 1150 venena
1214 1103 1434 1151 remedio·

216 1173 499 1235 Silvestrium
538 1174 712 1237 generis
746 1173 857 1219 folia
891 1191 987 1219 non
1026 1175 1239 1222 decidunt
1267 1175 1439 1233 abieti,

152 1245 300 1311 larici,
317 1246 516 1310 pinastro
529 1282 543 1304 ‚
559 1245 797 1308 juniper0‚
813 1247 950 1293 cedro
963 1283 977 1305 ,
991 1248 1247 1294 terebintho
1261 1284 1275 1305 ,
1291 1248 1438 1305 buxo,

153 1318 278 1375 ilici,
297 1317 520 1382 aquifolio
536 1354 551 1376 ,,
570 1317 742 1375 suberi,
769 1330 879 1364 taxo
895 1355 908 1375 ,
941 1320 1160 1368 tamarici..
1177 1321 1295 1365 Inter
1312 1332 1438 1364 utra-

153 1408 240 1454 que
272 1407 437 1455 genera
467 1390 568 1436 sunt
602 1390 828 1439 adrachne
864 1391 912 1437 in
946 1393 1156 1449 Graecia,
1192 1393 1242 1441 ὅτ,
1271 1390 1441 1453 ubique

152 1465 320 1515 unedO.
355 1463 546 1527 Reliqua
580 1463 702 1513 enim
731 1462 843 1509 folia
878 1464 1091 1512 decidunt
1122 1464 1218 1521 his,
1251 1475 1439 1526 praeter-

100 1580 103 1581 ⁷
155 1528 293 1599 quam
320 1535 366 1582 in
392 1536 713 1585 cacuminibus.
755 1537 865 1582 Non
900 1536 1112 1584 decidunt
1135 1547 1282 1582 autem
1314 1537 1363 1583 &
1394 1536 1444 1581 in-

155 1609 377 1661 fruticum
391 1628 551 1675 genere
570 1609 747 1657 cuidam
764 1609 880 1655 rubo
897 1645 910 1668 ,
926 1612 976 1657 &
994 1609 1179 1657 calamo.
1200 1612 1250 1655 In
1271 1609 1443 1656 Thuri-

157 1701 221 1731 no
246 1702 354 1749 agro
370 1722 385 1743 ‚
418 1685 497 1733 ubi
523 1684 707 1749 Sybaris
732 1682 846 1742 fuit,
871 1700 929 1729 ex
951 1683 1046 1745 ipsa
1068 1682 1178 1729 urbe
1196 1681 1442 1745 prospicie-

97 1801 101 1805 ,
151 1757 289 1804 batur
309 1775 502 1822 quercus
531 1775 649 1816 una,
678 1774 911 1821 nunquam
939 1755 1051 1822 folia
1077 1755 1305 1802 dimittens
1322 1791 1335 1814 ,
1359 1772 1443 1805 nec

151 1830 481 1894 ‚antevmediam
505 1830 697 1878 aestatem
716 1829 984 1893 germinans.
1005 1829 1141 1891 quue
1170 1828 1333 1875 mirum
1355 1827 1443 1885 est,

162 1905 336 1953 Graecis
369 1906 621 1954 au&mibus
648 1906 909 1969 proditum,
941 1904 1059 1967 apud
1093 1920 1178 1949 nos
1206 1903 1357 1966 postea
1384 1902 1443 1948 fi-

153 1979 261 2027 leri.
294 1980 412 2026 Nam
443 1980 654 2029 locorum
687 1991 809 2027 tanta
836 1979 908 2027 vis
937 1977 1028 2036 est,
1063 1989 1113 2023 ut
1147 1977 1264 2023 circa
1298 1978 1445 2022 Mem*

154 2051 290 2114 ¹phim
315 2052 533 2116 AEgypti,
571 2051 688 2101 &in
728 2051 1026 2114 Elephantine
1055 2049 1298 2100 Thebaidis
1331 2048 1446 2094 nulli

164 2124 315 2174 arbori
343 2125 578 2183 decidant,
608 2142 664 2172 ne
697 2125 869 2173 vitibus
889 2125 1087 2189 quidem.

240 2197 457 2245 XXXIV.
479 2198 652 2244 Ceterae
677 2215 835 2245 omnes
856 2209 980 2244 extra
999 2196 1246 2261 praedffiae,
1263 2194 1454 2260 (etenim

167 2286 428 2319 enumerare
448 2271 635 2334 longum
648 2270 687 2335 ‚)
711 2271 822 2318 folia
843 2271 1118 2334 deperdunt:
1142 2269 1451 2319 observatum-

158 2359 258 2406 que
287 2358 382 2388 non
405 2341 596 2389 arescere
617 2380 630 2400 ‚
659 2344 740 2390 nisi
768 2344 921 2392 tenuia
941 2380 955 2403 ‚
992 2345 1042 2391 &
1062 2344 1149 2390 lata
1169 2379 1182 2399 ‚
1207 2345 1256 2389 &
1279 2340 1451 2387 mollia.

174 2417 294 2475 Quae
318 2431 434 2461 vero
462 2431 558 2461 non
590 2415 824 2476 decidant,
853 2417 970 2468 callo
1004 2416 1139 2463 crass'a
1158 2451 1170 2471 ‚
1202 2416 1252 2461 &
1274 2413 1457 2477 angusta

177 2487 279 2534 effe.
316 2486 437 2552 Falsa
475 2486 680 2536 definitio
717 2488 809 2547 est,
845 2505 941 2535 non
974 2488 1178 2537 decidere
1214 2487 1314 2545 his,
1344 2503 1459 2549 quas·-¹

1054 2563 1095 2604 (ζ
1134 2578 1162 2607 4
