1653 2797
284 126 1200 187 NATUR.H18TOR.LIB.XX.
1303 126 1388 189 381

124 255 226 287 cum
248 255 376 303 pane.
409 241 465 287 Et
490 239 611 287 canis
638 238 836 296 morsus,
866 237 1033 285 virides
1064 253 1120 284 ex
1149 245 1278 283 aceto
1306 234 1396 281 illi-

122 324 180 359 tae
196 349 209 371 ‚
227 325 301 360 aut
327 313 452 361 ficcae
485 328 586 359 cum
614 311 745 358 melle
763 314 812 358 <Sc
835 312 948 359 vino
967 348 980 370 ‚
1008 311 1069 357 ita
1089 322 1139 356 ut
1162 309 1263 372 post
1280 308 1398 355 diem

126 387 307 433 tertium
337 375 582 432 solvantur.
617 383 688 431 Sic
712 384 921 430 &attrita
946 384 1111 430 sanant.
1145 384 1328 430 (belam
1348 382 1396 427 in

125 460 272 506 cinere
309 461 358 506 &
395 458 624 521 epiphoris
656 458 786 505 multi
827 459 1077 520 imposuere
1112 476 1215 505 cum
1256 457 1398 504 farina

123 532 395 590 hordeacea,
427 534 476 579 &
506 532 765 596 genitalium
797 532 1068 579 hulceribus.
1089 534 1236 580 Succo
1257 534 1307 580 &
1331 531 1399 578 ci·-

126 606 310 653 catrices
341 605 608 664 oculorum,
638 608 687 653 &
721 605 974 669 albugines,
1006 607 1249 669 &argema
1267 606 1399 651 inun-

125 693 266 726 xere:
306 678 355 723 δε
394 675 662 739 serpentium
693 675 900 735 morsus,
940 677 992 723 δε
1027 678 1181 723 omnia
1210 677 1401 723 vulnera

124 764 227 795 cum
256 747 402 795 melle.
433 750 540 794 Item
563 749 863 796 auricularum
892 765 993 797 cum
1014 749 1120 795 laste
1139 748 1402 803 mulierum:

126 825 177 872 δέ
206 824 252 869 in
279 821 432 870 iisdem
456 821 653 870 sonitum
692 839 744 871 ac
778 822 1042 885 gravitatem
1082 821 1366 868 emendantes
1386 857 1402 878 ‚

129 914 231 944 cum
265 896 394 960 adipe
422 895 653 954 anserino,
682 906 757 942 aut
789 912 892 942 cum
918 894 1050 943 melle
1076 893 1313 943 stillavere.
1347 894 1404 938 Et

128 986 186 1016 ex
215 987 330 1033 aqua
363 969 607 1016 bibendum
645 969 804 1015 dedere
844 978 1028 1030 repente
1057 964 1404 1012 obmutescenti-

128 1044 223 1091 bus.
257 1046 306 1090 In
335 1043 495 1091 dolore
521 1059 706 1107 quoque
726 1042 781 1088 ad
798 1042 951 1088 dentes
969 1041 1235 1088 colluendos
1262 1038 1407 1085 instil-

128 1116 306 1174 lavere,
325 1117 374 1163 &
396 1115 532 1180 plagis
552 1114 790 1162 bestiarum
810 1113 1038 1170 omnium,
1055 1112 1269 1176 privatim
1285 1110 1406 1158 scor-

131 1190 335 1252 pionum.
369 1189 608 1252 Alopecias
640 1188 860 1245 fricuere,
889 1190 939 1237 &
969 1186 1149 1250 psoras,
1176 1186 1280 1234 tusis
1318 1203 1407 1232 caz-

130 1262 211 1326 pis.
245 1263 408 1312 Costas
437 1260 729 1326 dysentericis
747 1260 986 1308 vescendas
1013 1260 1174 1306 dedere
1190 1296 1206 1317 ,
1226 1261 1276 1307 &
1296 1275 1409 1305 con-

131 1347 196 1381 tra
213 1335 473 1382 lumborum
495 1334 700 1382 dolores:
737 1344 1028 1399 purgamenta
1046 1349 1230 1398 quoque
1256 1349 1409 1379 earum

131 1420 325 1458 cremata
351 1409 398 1457 in
431 1410 627 1456 cinerem
660 1408 884 1457 illinentes
904 1426 962 1455 ex
988 1420 1116 1457 aceto
1138 1407 1411 1471 serpentium

131 1481 384 1538 morsibus,
420 1481 619 1545 tepisque
651 1481 909 1544 multipeda:
944 1498 1001 1527 ex
1036 1491 1180 1527 aceto.
1219 1478 1411 1541 Reliqua

134 1555 250 1602 inter
269 1555 471 1601 medicos
499 1556 611 1600 mira
636 1555 878 1602 diversitas.
914 1554 1118 1600 Proximi
1157 1552 1288 1599 utiles
1327 1552 1412 1598 esse

130 1627 390 1691 praecordiis
425 1630 475 1675 &
523 1628 815 1674 concoffioni
832 1665 848 1686 ‚
900 1626 1273 1690 inflationemque
1299 1661 1314 1684 ‚
1361 1626 1414 1672 δε

133 1701 251 1747 sitim
286 1699 429 1747 facere
453 1700 676 1750 dixerunt.
711 1700 982 1763 Asclepiadis
1000 1699 1150 1747 schola
1168 1735 1182 1756 ,
1209 1698 1265 1744 ad
1285 1698 1413 1745 colo-

133 1790 228 1820 rem
258 1790 443 1837 quoque
467 1774 668 1822 validum
698 1773 863 1836 profici
887 1774 978 1819 hoc
999 1773 1118 1819 cibo.
1155 1774 1212 1818 Et
1237 1771 1271 1818 fi
1296 1769 1415 1833 jeju-

135 1847 183 1893 ni
215 1847 420 1909 quotidie
459 1847 624 1906 edant‚
658 1846 914 1893 firmitatem
949 1845 1220 1893 valetudinis
1261 1844 1414 1892 custo-

137 1919 249 1966 diri:
271 1919 503 1966 stomacho
521 1920 650 1966 utiles
677 1919 760 1966 effe
775 1956 789 1978 ‚
807 1919 984 1982 spiritus
1002 1918 1247 1983 agitatione
1267 1935 1279 1965 :
1298 1934 1415 1964 ven-

133 2004 248 2039 trem
275 1992 482 2050 mollire,
505 1993 862 2039 haemorrhoidas
891 1991 1080 2055 pellere,
1117 1989 1310 2043 subditas
1329 2005 1417 2051 pro

137 2064 330 2112 balanis:
361 2063 541 2111 succum
577 2082 681 2111 cum
706 2064 841 2111 succo
875 2063 1082 2111 foeniculi
1113 2075 1272 2111 contra
1301 2063 1416 2109 inci-

137 2137 308 2200 pientes
341 2137 610 2208 hydropjses
629 2137 739 2183 mire
758 2135 993 2199 proficere.
1024 2140 1134 2184 Item
1155 2150 1314 2185 contra
1334 2156 1417 2185 an-

140 2211 289 2274 ginas,
320 2227 423 2256 cum
449 2222 548 2257 ruta
578 2213 628 2258 &
658 2211 800 2257 melle.
839 2211 1038 2258 Excitari
1066 2211 1230 2260 eisdem
1255 2213 1418 2265 lethar-

143 2285 284 2349 gicos.
317 2286 496 2342 Varro,
528 2302 628 2349 quae
662 2284 746 2331 sale
775 2287 824 2332 δε
855 2297 984 2333 aceto
1012 2285 1122 2348 pista
1158 2286 1219 2332 est
1248 2284 1418 2334 arefac-

145 2372 277 2422 taque
295 2394 310 2415 ,
334 2358 596 2405 vermiculis
626 2376 722 2406 non
743 2358 936 2408 infestari
967 2362 1120 2408 audior
1149 2360 1223 2406 est.

206 2431 335 2485 XXI.
369 2431 560 2477 Portum
590 2429 1052 2495 seelivumsprossuvia
1073 2431 1297 2495 sanguinis
1316 2431 1422 2488 fistit
