1653 2797
178 98 294 156 88·
457 96 1224 159 C.PL1N11'SECUND1'

180 216 234 263 ¹&
258 214 364 264 ideo
395 213 597 266 animalis
626 214 720 278 ejus
747 232 837 264 una
864 229 1140 282 proventus:
1175 215 1306 279 glires
1336 228 1458 282 quo-

180 297 269 353 que
297 288 487 354 saginat:
515 290 739 354 expetitur
760 293 810 339 &
837 290 993 339 turdis.
1012 290 1241 340 Arborum
1256 290 1460 342 fertilitas

180 362 388 407 omnium
418 359 511 409 fere
535 362 723 411 alternat
740 398 755 422 ,
775 362 850 410 sed
871 361 1063 410 maxime
1081 362 1181 427 fagi.

247 434 361 482 VIII.
390 434 639 495 Glandem,
658 452 759 500 quae
788 435 972 500 proprie
989 435 1276 500 intelligitur,
1307 435 1459 485 ferunt

180 505 346 565 robur,
370 512 581 571 quercus,
601 506 796 567 esculus,
818 524 969 557 cerrus
984 544 998 566 ,
1024 507 1111 555 ilex
1131 544 1146 566 ,
1165 507 1305 557 suber.
1327 510 1459 556 Con-

179 579 349 627 tinetur
375 580 551 645 hispido
580 581 762 647 calyce,
779 596 860 646 per
890 598 1051 646 genera
1076 581 1176 646 plus
1206 582 1353 629 minus
1378 600 1459 630 cu-

179 662 272 699 tem
300 653 640 718 compleciente.
674 654 799 701 Folia
816 691 831 713 ,
863 667 1022 719 praeter
1058 654 1203 701 ilicem
1224 690 1238 713 ,
1273 655 1458 718 gravia,

177 727 393 786 carnosa,
425 737 637 792 procera,
671 729 848 776 sinuosa
884 729 1094 777 lateribus
1111 763 1125 786 ‚
1141 733 1237 775 'nec
1257 745 1358 776 cum
1381 746 1457 776 ca·—

176 799 291 846 dunt
305 837 324 858 ,
342 799 627 848 flavescentia
641 837 656 859 ,
678 813 729 847 ut
746 800 859 865 fagi:
879 815 965 864 pro
985 800 1231 848 differentia
1245 815 1460 864 generum

178 871 416 930 breviora,
433 873 509 919 vel
527 871 751 935 longiora.
775 872 890 919 Ilicis
909 873 1002 919 duo
1025 888 1198 936 genera.
1235 874 1305 918 Ex
1339 872 1390 920 iis
1408 872 1456 919 in

180 943 301 991 Italia
320 943 434 989 folio
461 959 560 990 non
591 943 783 990 multum
803 944 857 991 ab
878 943 989 991 oleis
1013 944 1174 991 distant
1189 981 1204 1004 ,
1219 944 1414 992 smilaces
1431 961 1457 992 a

177 1014 439 1076 quibusdam
466 1015 639 1062 Graecis
671 1015 809 1064 dictae.
850 1019 901 1063 In
929 1016 1181 1080 provinciis
1206 1016 1306 1063 sunt
1330 1016 1455 1081 aqui-

178 1086 314 1135 foliae.
346 1088 462 1136 Ilicis
494 1087 615 1153 glans
654 1089 882 1152 utriusque
918 1089 1107 1136 brevior
1139 1090 1191 1137 &
1222 1089 1454 1154 gracilior,

175 1175 314 1225 quam
347 1162 572 1209 Homerus
601 1161 773 1226 acylon
807 1160 1027 1225 appellat,
1045 1178 1191 1225 eoque
1226 1163 1411 1209 nomine
1430 1179 1455 1210 a

175 1234 335 1297 glande
367 1233 607 1299 distinguit.
636 1233 857 1282 Masculas
882 1233 1004 1282 ilices
1035 1246 1195 1299 negant
1212 1234 1354 1297 ferre.

241 1307 385 1355 Glans
403 1307 575 1371 optima
593 1307 639 1353 in
657 1322 824 1372 quercu
836 1344 850 1367 ,
863 1319 995 1371 atque
1013 1307 1295 1372 g-ran'diffima
1309 1325 1324 1353 :-
1339 1322 1453 1354 mox

173 1379 348 1427 esculo:
382 1398 484 1426 nam
507 1381 688 1426 roboris
712 1397 881 1444 parva·-
904 1397 1033 1428 cerro
1056 1381 1214 1439 tristis,
1245 1380 1452 1439 horrida,

171 1450 386 1497 echinato
419 1451 609 1515 calyce,
639 1469 720 1498 ceu
743 1450 964 1499 castaneae.
997 1452 1189 1501 Sed&
1178 1470 1224 1500 m
1246 1469 1451 1517 querna,

170 1523 257 1571 alia
300 1523 511 1581 dulcior,
553 1513 827 1589 molliorque
867 1522 1075 1569 feminae:
1114 1525 1225 1572 mari
1267 1524 1450 1587 spiffior.

170 1595 368 1643 Maxime
396 1608 542 1642 autem
577 1595 827 1658 probantur
855 1594 1058 1641 latifoliae
1092 1611 1149 1641 ex
1183 1609 1447 1660 argumento

169 1670 309 1716 dietae.
347 1668 527 1716 Distant
565 1668 681 1715 inter
713 1667 756 1715 se
783 1667 1114 1732 magnitudine,
1154 1670 1203 1716 δε
1236 1668 1352 1717 cutis
1379 1680 1449 1715 te-

168 1743 353 1791 nuitate.
373 1745 483 1790 Item
513 1742 641 1807 quod
665 1742 760 1791 aliis
793 1740 934 1789 subest
956 1742 1109 1789 tunica
1129 1741 1333 1806 rubigine
1353 1741 1450 1790 sca-

167 1817 271 1875 bra,
298 1816 394 1863 aliis
430 1815 637 1879 protinus
667 1815 907 1863 candidum
933 1831 1110 1878 corpus.
1140 1815 1362 1862 Probatur
1397 1817 1450 1864 δε

169 1905 249 1946 ea,
272 1887 399 1949 cujus
431 1887 478 1934 in
507 1887 670 1935 balano
696 1888 908 1952 utrinque
932 1904 991 1934 ex
1021 1887 1306 1951 longitudine
1322 1924 1338 1945 ,
1368 1904 1446 1935 ex·

166 1977 308 2012 trema
335 1962 564 2027 lapidescit
596 1963 784 2012 duritia:
823 1962 1018 2020 melior,
1050 1964 1124 2011 c-ui
1156 1962 1204 2009 in
1240 1963 1446 2021 cortice,

166 2054 302 2102 quam
337 2036 410 2084 cui
446 2035 493 2083 in
527 2053 756 2100 corpore:
793 2047 1032 2099 utrumque
1068 2051 1165 2081 non
1203 2033 1283 2080 nisi
1320 2035 1444 2082 mari.

164 2112 383 2157 Praeterea
420 2108 515 2156 aliis
553 2123 717 2168 ovata,
752 2110 848 2157 aliis
882 2108 1109 2165 rotunda,
1138 2107 1234 2155 aliis
1264 2108 1443 2156 acutior

165 2181 320 2246 figura.
359 2181 483 2228 Sicut
510 2183 560 2228 &
592 2182 721 2228 colos
756 2180 961 2245 nigrior,
999 2178 1326 2237 candidiorve,
1365 2179 1443 2244 qui

164 2254 413 2318 praefertur.
462 2253 726 2299 Amaritudo
772 2253 818 2298 in
858 2251 1245 2309 extremitatibus,
1282 2251 1441 2298 mediae

163 2328 327 2373 dulces.
352 2326 478 2387 Quin
501 2327 550 2373 ὅ(
578 2325 772 2398 pediculi
794 2324 989 2372 brevitas
1005 2324 1337 2389 proceritasque
1355 2321 1438 2369 dif-

165 2398 395 2445 seientiam
421 2397 566 2444 habet.
