1653 2797
186 144 280 199 ’πμ
466 131 816 180 C.PL1N11
871 131 1242 184 SECUNDI

186 242 219 289 fi
252 241 444 289 omnino
475 241 679 288 nubilum
712 241 821 299 fuit,
842 241 1131 290 Austrinusve
1150 242 1280 292 flatus
1297 279 1311 303 ‚
1337 245 1469 292 amit-⁵

183 327 282 362 tant
318 314 468 361 foetus.
500 315 634 361 Circa
661 314 882 378 Vergilias
910 315 1088 377 quidem
1120 316 1272 379 pluere
1312 317 1464 364 inimi-

187 387 404 434 ciffimum
442 386 530 434 viti
566 388 614 434 &
647 388 790 434 oleae:
829 388 1043 447 quoniam
1078 400 1186 435 tunc
1218 389 1366 437 coitus
1402 391 1464 437 est

184 476 356 505 earum:
379 459 471 506 hoc
491 457 551 507 est
571 459 683 505 illud
704 459 989 521 quatriduum
1011 460 1123 508 oleis
1141 462 1466 519 decretorium,

186 530 258 578 hic
291 530 506 578 articulus
539 530 774 578 Austrinus
804 531 946 578 nubili
977 532 1121 594 spurci
1143 569 1156 592 ,
1187 534 1310 598 quod
1345 533 1465 580 dixi-

185 621 298 651 mus.
333 608 499 669 Fruges
532 621 716 669 quoque
753 603 879 666 pejus
915 605 1214 652 maturescunt
1243 604 1464 663 Austrinis

185 677 338 723 diebus
355 713 368 735 ‚
394 676 466 723 sed
489 677 689 724 celerius.
716 676 793 723 Illa
828 677 929 724 sunt
959 678 1098 724 noxia
1133 678 1300 741 frigora
1319 714 1332 736 ,
1361 694 1462 742 quae

183 750 604 814 septemtrionibus,
635 762 711 797 aut
736 750 1017 813 praeposteris
1047 749 1160 796 fiunt
1183 751 1322 797 horis.
1357 751 1460 797 Hie-

182 843 302 874 mem
328 826 510 889 quidem
539 824 836 888 Aquiloniam
863 824 975 882 effe,
1007 824 1218 872 omnibus
1245 823 1345 870 satis
1375 824 1461 870 uti-

181 899 405 945 liffimum.
428 897 594 944 Imbres
620 907 864 944 verotunc
883 896 1123 959 expetendi
1145 895 1330 942 evidens
1355 911 1467 941 cau⁴

181 974 225 1020 sa
249 971 309 1018 est
323 1007 337 1028 ,
365 968 586 1033 quoniam
610 968 794 1015 arbores
815 968 930 1017 foetu
955 970 1200 1016 exinanitas
1216 1005 1229 1026 .,
1252 971 1302 1016 &
1325 968 1462 1015 folio-

182 1063 283 1095 rum
311 1059 497 1106 quoque
517 1041 746 1088 amiffione
768 1043 993 1106 languidas
1010 1079 1024 1101 ,
1058 1041 1256 1090 naturale
1276 1042 1336 1089 est
1363 1042 1463 1089 avi·-

182 1121 236 1167 de
265 1118 442 1165 esurire.
464 1117 605 1164 Cibus
625 1128 774 1164 autem
806 1134 955 1163 earum
980 1117 1134 1164 imber.
1168 1119 1323 1177 Quare
1347 1117 1463 1179 tepi-

182 1194 283 1240 dam
317 1192 401 1239 effe
429 1192 619 1238 hiemem
635 1228 648 1249 ,
681 1203 729 1237 ut
750 1191 953 1238 absumto
973 1209 1103 1255 pantu
1131 1192 1343 1239 arborum
1360 1227 1374 1249 ,
1394 1190 1462 1237 se·-

178 1283 340 1329 quatur
372 1267 579 1330 protinus
610 1279 887 1329 conceptus,
918 1267 963 1313 id
980 1266 1068 1324 est,
1091 1265 1388 1330 germinatio,
1409 1281 1463 1312 ac

178 1340 339 1388 deinde
377 1340 461 1386 alia
507 1337 772 1387 florescendi
816 1340 1095 1396 exinanitio,
1135 1339 1464 1387 inutiliffimum

179 1413 498 1478 experimentis
519 1411 728 1458 creditur.
745 1412 873 1471 Quin
896 1412 1038 1458 immo
1057 1413 1088 1459 fi
1108 1412 1256 1475 plures
1272 1413 1333 1460 ita
1351 1430 1462 1460 con-

178 1486 409 1532 tinuentur
445 1483 549 1529 anni
571 1482 754 1539 „etiam
799 1482 903 1545 ipsae
952 1484 1206 1530 moriantur
1240 1485 1423 1533 arbores
1445 1521 1460 1544 ,

179 1559 364 1623 quando
404 1556 571 1603 nemini
604 1555 738 1601 dubia
773 1571 913 1617 poena
946 1555 1008 1601 est
1033 1557 1081 1602 in
1110 1556 1226 1604 fame
1254 1557 1465 1604 laboran-

176 1632 304 1677 tium.
325 1633 446 1695 Ergo
468 1629 546 1693 qui
573 1627 686 1673 dixit
707 1626 873 1690 hiemes
901 1626 1072 1673 serenas
1095 1629 1338 1689 optandas,
1362 1645 1460 1677 non

175 1722 260 1768 pro
287 1705 521 1751 arboribus
552 1714 665 1748 vota
693 1699 811 1747 fecit.
846 1701 942 1748 Nec
974 1718 1052 1763 per
1084 1700 1269 1747 solstitia
1296 1702 1461 1748 imbres

177 1778 346 1824 vitibus
382 1778 661 1822 conducunt.
697 1772 904 1820 Hiberno
939 1774 1120 1836 quidem
1156 1773 1342 1837 pulvere
1379 1775 1459 1822 lae—

174 1853 314 1901 tiores
354 1850 450 1897 fieri
494 1850 681 1906 melles,
719 1847 985 1897 luxuriantis
1022 1848 1192 1912 ingenii
1232 1847 1459 1896 fertilitate

174 1926 339 1973 dietum
359 1924 433 1973 est.
461 1923 649 1987 Alioqui
669 1935 779 1968 vota
804 1921 1017 1968 arborum
1046 1921 1313 1986 frugumque
1332 1939 1460 1967 com-

173 1999 327 2045 munia
354 1997 482 2054 sunt,
505 1998 635 2043 nives
654 1995 847 2041 diutinas
867 1993 1030 2043 sedere.
1061 1993 1227 2052 Causa,
1261 2010 1358 2039 non
1380 1993 1455 2040 so-

173 2073 266 2118 lum
297 2071 400 2134 quia
434 2071 627 2117 animam
661 2081 791 2116 terrae
825 2067 1163 2114 evanescentem
1202 2066 1455 2114 exhalatio-

173 2163 229 2193 ne
262 2145 497 2192 includunt
533 2146 581 2192 ὅ(
615 2141 949 2203 comprimunt,
982 2153 1197 2205 retroque
1232 2156 1372 2205 agunt
1407 2142 1455 2189 in

174 2220 296 2267 vires
318 2218 501 2282 frugum
524 2231 656 2281 atque
677 2216 844 2263 radices
865 2233 875 2261 :
902 2231 1060 2261 verum
1083 2214 1210 2278 quod
1232 2215 1282 2262 &
1302 2213 1455 2277 liquo-

172 2311 262 2342 rem
290 2292 443 2338 senfim
478 2291 704 2356 praebent,
739 2308 901 2355 purum
920 2302 1134 2353 praeter-ea
1164 2287 1455 2335 levissimum-

172 2383 291 2429 que,
331 2365 513 2428 quando
550 2364 629 2411 nix
660 2381 874 2427 aquarum
914 2362 1151 2410 caelestium
1190 2360 1343 2423 spuma
1376 2357 1451 2405 est.³

173 2442 293 2506 Ergo
327 2440 494 2489 humor
532 2456 587 2488 ex
613 2439 681 2488 his
706 2453 801 2487 non
832 2437 1066 2489 universus
1090 2433 1363 2500 ingurgitans
1389 2430 1453 2478 di-
