1653 2797
307 126 585 173 NATUR.
621 124 928 172 HISTOR.
963 124 1091 171 LIB.
1127 124 1244 170 XX&
1331 128 1415 187 38³

1398 161 1416 189 ⁴)

141 235 250 284 cibo
276 233 441 298 augeri.
482 232 749 280 Contritum
787 248 844 277 ex
872 232 1004 278 melle
1037 232 1229 295 hulcera
1251 247 1423 298 purgat.

139 308 315 361 Tuffim
330 309 381 355 δι
401 305 709 354 distillationes
735 304 937 351 thoracis
957 341 970 363 ‚
992 305 1220 368 pulmonis
1240 308 1424 358 &arte-

142 380 223 428 riae
253 378 370 426 vitia
396 378 541 434 sanat,
569 376 719 422 datum
750 374 796 420 in
826 373 1074 422 sorbitione
1103 376 1312 440 ptisanae:
1349 380 1426 427 vel

139 453 332 501 crudum
350 486 365 510 ‚
403 463 564 513 praeter
589 449 733 513 capita
747 484 761 508 ,
787 447 878 495 stne
902 465 1016 511 pane
1031 487 1047 507 ,
1069 449 1142 517 ‚ita
1171 463 1220 497 ut
1245 452 1426 502 alternis

139 525 296 572 diebus
315 522 533 569 sumatur:
552 521 631 572 vel
649 522 680 568 fi
699 537 812 585 pura
824 519 1117 568 exscreentur.
1138 523 1210 570 Sic
1229 526 1279 574 &
1297 527 1427 587 voci,

139 597 221 646 vel
239 595 432 654 Veneri,
463 594 718 658 somnoque
737 593 927 640 multum
948 593 1142 641 confert.
1173 597 1335 660 Capita
1360 598 1426 647 bis

141 686 257 734 aqua
277 680 446 715 mutata
464 669 590 715 cocta
605 704 618 726 ,
651 667 805 714 alvum
825 666 1004 724 sistunt,
1035 668 1085 714 &
1103 666 1330 718 fluxiones
1349 690 1423 720 ve-

141 755 272 791 teres.
307 744 481 789 Cortex
511 742 720 789 decoctus
740 740 962 805 illitusque
979 739 1122 789 inficit
1146 759 1298 793 canos.

209 816 382 862 XXIII.
408 814 533 861 Allio
554 832 713 879 magna
732 815 828 873 vis,
847 831 1016 878 magnae
1037 814 1250 864 utilitates
1268 836 1429 868 contra

141 904 359 954 aquarum
376 891 427 937 &
446 890 657 937 locorum
675 889 961 938 mutationes.
998 888 1230 952 Serpentes
1257 893 1397 958 abigit
1414 932 1428 953 ,

142 966 194 1012 &
219 962 481 1026 scorpiones
512 963 683 1009 odore:
712 974 845 1025 atque
870 973 920 1008 ut
948 962 1087 1026 aliqui
1108 963 1354 1025 tradidere,
1380 971 1429 1017 ἃ

142 1035 384 1084 bestiarum
399 1035 608 1083 omnium
632 1035 789 1082 ictibus
810 1035 1036 1092 medetur,
1055 1048 1192 1097 potu,
1210 1038 1286 1085 vel
1303 1039 1427 1095 cibo,

142 1109 224 1157 vel
244 1109 377 1157 illitu.
419 1108 640 1157 Privatim
661 1120 823 1157 contra
843 1109 1201 1157 haemorrhoidas
1227 1113 1428 1175 prodest,

141 1199 250 1230 cum
269 1182 385 1230 vino
404 1181 627 1229 redditum
650 1183 850 1231 vomitu.
887 1185 954 1230 Ac
983 1199 1041 1229 ne
1060 1196 1220 1232 contra
1237 1203 1430 1235 araneo-

142 1272 247 1302 rum
270 1255 469 1302 murium
489 1268 767 1304 venenatum
793 1256 992 1303 morsum
1020 1258 1171 1304 valere
1190 1259 1429 1319 miremur,

141 1331 405 1390 aconitum,
438 1332 565 1400 quod
588 1332 679 1379 alio
709 1332 895 1379 nomine
916 1331 1251 1394 pardalianches
1284 1351 1430 1382 voca·-

142 1417 244 1465 tur‚
261 1406 484 1454 debellat:
521 1406 629 1452 item
650 1406 1016 1472 hyoscyamum:
1047 1423 1205 1453 canum
1233 1408 1431 1469 morsus,

143 1480 193 1526 in
214 1495 315 1544 quae
338 1480 530 1527 vulnera
550 1497 655 1527 cum
682 1479 814 1526 melle
846 1479 1115 1542 imponitur.
1150 1481 1221 1527 Ad
1249 1481 1433 1545 serpen-

142 1553 256 1600 tium
284 1553 468 1617 quidem
500 1554 610 1601 ictus
637 1566 800 1617 potum
820 1570 924 1602 cum
950 1552 1136 1600 restibus
1167 1554 1252 1602 suis
1279 1557 1433 1604 effica—

143 1625 310 1673 ciffime
328 1642 386 1672 ex
407 1625 514 1672 oleo
543 1625 758 1671 illinitur:
786 1625 1034 1690 attritisque
1058 1642 1310 1690 corporum
1326 1646 1432 1693 par-

142 1698 292 1758 tibus,
320 1698 399 1747 vel
429 1698 461 1745 fi
484 1698 531 1744 in
552 1697 723 1745 vesicas
745 1698 1054 1746 intumuerint.
1100 1700 1228 1761 Quin
1257 1703 1307 1750 &
1342 1702 1434 1749 suf-

144 1771 227 1819 fitu
252 1788 310 1819 eo
336 1771 549 1820 secundas
574 1783 728 1835 partus
748 1771 937 1818 evocari
957 1771 1232 1821 existimavit
1254 1775 1433 1838 Hippo-

145 1857 319 1893 crates:
363 1846 514 1892 cinere
551 1863 710 1893 eorum
744 1862 850 1892 cum
882 1845 989 1891 oleo
1010 1882 1023 1904 ,
1063 1847 1217 1909 capitis
1251 1848 1433 1908 hulc-era

151 1918 379 1966 manantia
397 1919 573 1967 sanitati
592 1919 836 1966 restituens.
854 1918 1109 1982 Suspiriofis
1131 1922 1309 1969 coctum
1323 1958 1336 1981 ‚
1355 1923 1434 1969 ali-

147 1994 230 2057 qui
264 1995 454 2041 crudum
486 1994 531 2040 id
559 1993 717 2041 tritum
737 1994 909 2042 dedere.
947 1994 1139 2042 Diocles
1167 1995 1435 2060 hydropicis

147 2084 252 2114 cum
272 2067 508 2115 centaurio
523 2103 536 2126 ‚
560 2079 638 2114 aut
665 2067 712 2114 in
740 2065 831 2115 fico
857 2067 1029 2130 duplici
1051 2067 1107 2114 ad
1126 2069 1435 2117 evacuandam

147 2140 304 2188 alvum
318 2158 329 2187 :
346 2141 474 2204 quod
489 2140 715 2188 efficacius
724 2139 900 2204 praestat
912 2139 1060 2188 viride
1072 2157 1176 2187 cum
1190 2142 1435 2190 coriandro

147 2213 196 2260 in
221 2229 349 2259 mero
371 2225 546 2277 potum.
571 2212 826 2277 Suspiriofis
843 2212 981 2277 aliqui
1012 2215 1063 2261 &
1088 2213 1244 2261 tritum
1261 2214 1307 2260 in
1325 2214 1436 2263 laete

148 2288 380 2335 dederunt.
424 2288 699 2352 Praxagoras
734 2289 784 2335 &
818 2298 978 2334 contra
1009 2288 1224 2334 morbum
1261 2290 1434 2353 regium

150 2361 265 2409 vino
285 2361 485 2410 miscuit:
512 2366 562 2411 ὅ(
580 2376 741 2412 contra
766 2363 904 2410 ileum
923 2361 969 2409 in
991 2364 1098 2411 oleo
1120 2365 1169 2411 &
1191 2364 1341 2427 pulte:
1375 2365 1437 2412 sic

153 2435 332 2486 illinens
361 2435 540 2491 strumis
573 2452 772 2503 quoque.
820 2436 1009 2502 Antiqui
1035 2437 1085 2488 ἃ
1114 2435 1437 2494 insanientibus
