1653 2797
192 191 292 240 ‘2'50
471 192 525 239 C.
569 185 832 236 “PLtN-tl
882 186 1256 237 SECUND'I

194 298 378 346 intulite
417 298 490 345 sed
519 299 596 344 vel
617 299 661 344 in
694 297 850 360 primis
871 297 1082 355 dicenda,
1120 308 1244 344 tanta
1264 295 1345 343 dos
1374 290 1472 360 ejus

198 374 259 418 est
280 391 290 419 :
321 390 420 419 curn
443 389 498 418 ex
528 389 622 418 uno
651 371 744 417 satu
769 370 959 433 amplius
989 387 1123 434 quam
1143 370 1323 417 tricenis
1346 371 1474 418 annis

195 446 340 492 duret.
371 445 532 491 Similis
559 443 621 490 est
646 443 822 490 trifolio
844 460 854 489 t
880 443 1033 502 caule,
1056 440 1266 506 foliisque
1291 442 1473 506 genicu-

197 517 308 564 lata:
341 517 559 582 quidquid
590 517 640 562 vin
662 517 786 563 caule
818 514 1020 578 assurgit,
1053 513 1162 562 folia
1191 515 1472 562 contrahun-

196 602 284 637 tur.
331 593 485 638 Unum
525 589 579 635 de
614 605 664 635 ea
698 590 748 635 &
789 587 937 651 cytiso
979 587 1197 634 volumen
1232 586 1474 650 Amphilo-

188 663 305 709 ‘chus
333 661 439 709 fecit
463 659 713 707 confusum.
742 660 897 705 Solum
918 694 932 717 ‚
967 659 1014 704 in
1046 677 1139 723 quo
1165 660 1357 717 seratur,
1381 660 1474 706 ela-

194 736 391 798 pidatum
409 746 736 798 purgatumque
756 732 969 795 subigitur
986 741 1228 779 autumnos:
1247 748 1356 779 mox
1375 749 1473 778 ara-

193 822 290 855 tum
306 845 317 865 ,
350 809 399 855 δί
416 820 623 854 occatum
645 805 856 868 integitur
877 818 993 851 crate
1020 806 1178 858 iterum
1199 823 1248 853 ac
1267 807 1474 865 tertium,

195 883 344 947 quinis
379 882 532 927 diebus
578 878 849 942 interpositis
870 915 884 938 ‚
916 881 964 927 &
987 878 1095 925 fimo
1123 880 1289 926 addito.
1327 879 1475 926 Poscit

193 969 344 1002 autem
377 954 538 999 siccum
561 951 915 1010 succosumque,
943 951 1018 997 vel
1046 952 1237 1015 riguum.
1271 953 1336 998 Ita
1357 968 1474 1014 prae÷

194 1039 348 1091 parato
369 1026 528 1072 seritur
564 1024 710 1071 mense
735 1023 887 1085 Majo':
917 1024 1020 1071 alias
1054 1023 1226 1087 pruinis
1257 1025 1475 1072 obnoxia.

191 1104 325 1164 Opus
360 1100 420 1146 est
442 1100 650 1146 densitate
674 1100 851 1147 seminis
883 1099 1035 1145 omnia
1055 1099 1269 1161 occupari
1289 1134 1303 1156 ‚
1329 1098 1473 1145 inter·-

194 1172 513 1236 nascentesque
544 1172 698 1218 herbas
723 1170 912 1218 excludi.
943 1171 994 1217 Id
1016 1169 1221 1232 praestant
1248 1169 1295 1216 in
1322 1169 1478 1233 jugera

193 1246 349 1293 modia
379 1246 554 1293 vicena.
580 1246 879 1292 ⁷Movendum
909 1260 965 1290 ne
997 1244 1234 1302 aduratur,
1268 1258 1475 1307 terraque

194 1321 404 1384 protinus
438 1318 578 1381 integi
607 1318 750 1365 debet.
788 1319 833 1364 Si
864 1318 915 1364 fit
940 1317 1172 1364 humidum
1206 1317 1348 1366 solum
1376 1318 1476 1364 her·

192 1390 448 1450 bosumve,
483 1391 717 1449 vincitur,
755 1392 805 1438 ὅ(
840 1389 1037 1438 desciscit
1064 1390 1111 1436 in
1143 1406 1331 1454 pratum.
1367 1392 1480 1437 Ideo.

197 1467 404 1529 protinus
443 1465 678 1512 altitudine
717 1465 885 1511 unciali
921 1463 1068 1510 herbis
1109 1464 1322 1511 omnibu-s
1359 1463 1474 1510 libe*

198 1539 337 1584 randa
363 1536 450 1592 est,
470 1553 605 1581 manu
632 1534 811 1597 potius,
836 1551 969 1598 quam
989 1535 1176 1582 sarculo.
1211 1537 1389 1582 Secatur
1407 1536 1475 1582 in-

199 1609 368 1671 cipiens
397 1606 558 1653 florere
574 1642 586 1664 ,
614 1608 663 1653 &
681 1606 857 1670 quoties
880 1607 1100 1654 refloruit.
1135 1608 1182 1653 Id
1200 1603 1340 1654 sexies
1365 1624 1476 1655 eve-1·

200 1685 268 1730 nit
295 1700 376 1746 per
404 1698 568 1736 annos;
602 1698 704 1728 cum
734 1680 842 1727 min‘
893 1698 970 1727 um
989 1717 1004 1738 ,
1037 1695 1205 1745 quater.
1241 1683 1291 1728 In
1325 1680 1473 1729 semen

199 1755 492 1804 maturescere
525 1753 802 1817 prohibenda
830 1697 921 1812 R,
953 1754 1058 1817 quia
1087 1754 1298 1815 pabulum
1317 1754 1474 1801 utilius

201 1828 264 1875 est
281 1827 415 1890 usque
429 1827 483 1873 ad
503 1826 745 1872 trimatum.
765 1825 920 1872 Verno
938 1824 1021 1871 seri
1039 1826 1195 1883 debet,
1209 1825 1474 1889 liberarique

204 1901 361 1947 ceteris
380 1899 554 1945 herbis:
587 1899 641 1944 ad
663 1898 893 1943 trimatum
910 1933 924 1956 ‚
951 1898 1108 1945 marris
1127 1898 1182 1944 ad
1200 1895 1346 1944 solum
1365 1897 1473 1946 radi.

202 1974 267 2018 Ita
285 1971 468 2034 reliquae
485 1970 633 2016 herbae
645 1969 867 2015 intereunt
883 1969 972 2014 fine
990 1969 1122 2031 ipsius
1137 1968 1322 2027 damno,
1335 1986 1475 2032 prop-

203 2057 271 2090 ter
288 2044 566 2090 altitudinem
590 2042 806 2089 radicum.
832 2042 877 2087 Si
897 2041 1119 2088 evicerint
1135 2041 1309 2099 herbae,
1327 2058 1473 2088 reme—

203 2118 327 2162 dium
364 2117 547 2162 unicum
579 2115 638 2161 est
663 2117 805 2162 aratio
823 2150 836 2173 ‚
868 2114 1022 2177 saepius
1045 2115 1264 2161 vertendo
1286 2150 1300 2172 ,
1327 2116 1472 2164 donec

205 2206 362 2236 omnes
395 2188 492 2234 aliae
519 2188 686 2235 radices
716 2188 946 2234 intereant.
983 2189 1096 2234 Dari
1130 2203 1226 2232 non
1258 2187 1313 2233 ad
1342 2186 1471 2234 satie-

204 2275 336 2309 tatem
366 2262 615 2325 debethe
649 2261 825 2323 deplere
851 2260 1104 2324 sanguinem
1124 2260 1291 2308 necesse
1319 2260 1383 2308 fit.
1417 2263 1473 2307 Et

204 2337 363 2383 viridis
390 2336 544 2381 utilior
569 2333 641 2379 est.
669 2332 840 2380 Arescit
877 2332 1101 2380 surculose
1119 2369 1133 2390 ,
1164 2350 1212 2380 ac
1241 2333 1468 2395 postremo

205 2411 253 2457 in
282 2411 518 2474 pulverem
547 2407 749 2453 inutilem
781 2418 1058 2453 extenuatur.
1086 2407 1160 2453 De
1185 2405 1332 2469 cytiso
1350 2441 1364 2464 ,
1396 2404 1470 2451 cui

205 2486 255 2532 &
287 2484 365 2547 ipsi
390 2482 663 2547 principa-tus
699 2480 822 2526 datm·
855 2481 901 2527 in
934 2480 1134 2543 pabulis,
1164 2478 1326 2529 affatim
1350 2477 1468 2525 dixi-
