1653 2797
285 198 577 250 NATUR.
612 197 924 246 HISTOR,
958 200 1092 246 LIB.
1131 201 1286 246 XVI.
1365 214 1446 260 135

167 321 227 352 ve
245 305 470 371 figendum
486 342 500 364 ,
521 321 601 351 ceu
622 302 787 352 ferreis.
823 306 916 351 Ilex
941 306 1045 354 item
1064 344 1077 363 ‚
1096 309 1145 355 &
1167 307 1354 354 oleaster
1369 344 1381 366 9
1401 310 1452 356 δέ

168 382 269 428 olea
286 419 300 441 ‚
327 394 457 444 atque
484 379 682 427 castanea
698 413 713 436 ‚
734 378 967 441 carpinus,
1000 381 1207 443 populus.
1258 383 1368 427 Haza
1399 383 1450 429 δζ

168 455 307 520 crispa
345 453 482 501 aceris
516 452 688 510 modo,
715 451 749 498 fi
784 451 873 499 ulla
905 452 1111 500 materies
1150 454 1313 502 idonea
1345 455 1450 501 ess'et

167 529 301 577 ramis
331 527 446 589 saepe
477 525 725 588 deputatis:
759 524 965 572 castratio
1000 524 1076 572 illa
1099 525 1184 583 est,
1204 527 1450 591 adimitque

167 594 303 648 vires.
341 601 417 646 De
447 611 599 645 cetero
630 598 852 662 plerisqtle
881 614 1062 656 eorum,
1092 598 1167 645 sed
1195 600 1349 664 utique
1375 617 1454 646 ro·-

167 672 299 730 bori‚
319 684 442 720 tanta
473 671 633 719 duritia
662 671 747 730 est,
774 683 827 718 ut
856 671 1071 718 terebrari
1105 671 1187 717 nis1
1221 672 1447 719 madefac-

165 756 262 795 tum
294 762 392 791 non
425 756 560 808 queat
579 781 592 802 ,
627 747 677 794 &
707 762 763 792 ne
793 745 852 793 fic
885 744 1066 808 quidem
1101 745 1276 792 adafflus
1314 747 1454 794 avelli

165 818 336 865 clavus.
373 820 409 863 E
429 817 609 865 diverso
638 818 819 865 clavum
851 836 946 865 non
981 831 1102 867 tenet
1130 820 1300 867 cedrus.
1329 821 1452 866 Mol-

164 890 322 937 liffima
340 890 456 939 tilia:
476 890 629 937 eadem
647 891 826 941 videtur
847 892 897 938 δε
917 891 1194 939 calidiffima:
1213 909 1456 958 argumen-

164 978 259 1010 tum
288 961 507 1021 afferunt,
540 964 668 1027 quod
701 964 902 1015 citiffime
931 964 1065 1012 ascias
1095 966 1314 1012 retundat.
1361 968 1449 1012 Ca-

163 1030 268 1080 lidae
292 1035 342 1082 δ’(
366 1050 520 1083 morus
537 1072 551 1093 ,
571 1036 721 1082 laurus
742 1071 755 1094 ,
783 1037 941 1096 edera,
970 1039 1020 1085 &
1045 1054 1204 1085 omnes
1230 1055 1255 1085 e
1287 1038 1450 1103 quibus

161 1107 347 1172 igniaria
380 1106 508 1155 fiunt.
612 1111 614 1113 ’

225 1183 454 1229 LXXVII.
480 1183 833 1246 Expioratorum
862 1186 953 1233 hoc
978 1185 1080 1234 usus
1106 1187 1152 1233 in
1180 1187 1352 1246 castris,
1372 1203 1453 1250 pa-=

163 1255 422 1319 florumque
464 1258 632 1320 reperit
652 1294 665 1316 ‚
700 1258 917 1322 quoniam
951 1260 1005 1306 ad
1033 1261 1344 1309 excudendum
1379 1261 1449 1325 ig-

165 1345 267 1377 nem
300 1345 397 1375 non
426 1329 596 1393 semper
628 1331 784 1394 lapidis
816 1332 995 1379 occafio
1024 1333 1101 1380 est.
1134 1334 1318 1381 Teritur
1339 1351 1450 1397 ergo

163 1400 336 1464 lignum
355 1401 506 1465 ligno,
528 1403 768 1467 ignemque
792 1405 995 1467 concipit
1018 1405 1196 1463 attritu,
1215 1405 1450 1468 excipien-

159 1483 206 1518 te
236 1472 422 1520 materia
450 1474 558 1520 aridi
587 1474 788 1530 fomitis,
815 1474 943 1538 fungi
969 1475 1047 1522 vel
1067 1474 1285 1522 foliorum
1317 1475 1449 1522 facil-

163 1543 275 1590 limo
312 1558 553 1609 conceptu.
609 1547 694 1593 Sed
727 1546 842 1593 nihil
874 1547 1005 1596 edera
1036 1546 1314 1610 praestantius
1346 1565 1451 1612 quae

161 1627 355 1674 teratur,
378 1616 506 1664 lauro
534 1635 634 1681 quae
663 1629 794 1667 teram
840 1618 1060 1666 Probatur
1093 1621 1144 1667 &
1173 1620 1280 1667 vitis
1310 1620 1446 1668 filve-

162 1687 288 1747 stris,
316 1690 402 1737 alia
430 1709 564 1756 quam
592 1692 792 1740 kabrusca
809 1729 822 1752 ‚
847 1695 896 1742 δι
922 1692 1011 1756 ipsa
1036 1695 1180 1740 ederae
1200 1693 1349 1740 modo-
1371 1711 1445 1741 ar-

160 1763 320 1810 borem
355 1763 582 1815 scandens.
629 1768 921 1833 Frigidi-ffima
953 1785 1235 1833 quaecunque
1269 1769 1453 1833 aquati-·=>

162 1854 244 1885 ca:
279 1838 510 1888 lentissima
539 1854 714 1902 autem,
748 1842 927 1892 &ideo
963 1841 1094 1889 scutis
1129 1841 1343 1890 faciendis
1370 1859 1450 1905 ap-

162 1911 339 1970 tiffima‚
368 1930 565 1976 quorum
584 1917 715 1982 plaga
740 1916 969 1964 contrahit
998 1917 1040 1963 se
1065 1917 1297 1979 protinus,
1323 1917 1455 1964 clau-

161 1983 316 2047 ditque
337 1983 461 2032 suurn
487 1988 654 2034 vulnus
670 2024 684 2047 ‚
707 1990 758 2036 &
790 1988 852 2036 ob
883 1988 929 2034 id
960 1988 1272 2036 contumacius
1302 1988 1444 2035 trans-

162 2056 486 2107 mittitferrum
506 2078 517 2106 ε
545 2061 591 2106 in
623 2078 715 2125 quo
739 2060 838 2108 sunt
857 2078 1018 2125 genere
1043 2060 1146 2120 fici,
1163 2061 1271 2108 salix
1286 2096 1299 2119 ‚
1318 2061 1443 2119 tilia,

162 2131 355 2191 betuna,
375 2132 605 2182 sambucus
622 2171 635 2193 ‚
660 2134 855 2197 populus
889 2147 1092 2199 utraque.
1129 2134 1365 2183 Leviffima
1385 2152 1443 2181 ex

161 2203 231 2255 his
256 2203 364 2253 ficus
394 2207 443 2254 &
470 2205 607 2265 salix,
635 2207 837 2272 ideoque·
857 2208 1110 2257 utiliffimae.
1159 2209 1332 2255 Omnes
1361 2225 1441 2253 au-

162 2288 254 2324 tem
279 2279 336 2328 ad
365 2278 490 2326 cistas
507 2315 522 2337 ,
547 2296 736 2342 quaeque
765 2279 905 2327 flexili
929 2293 1047 2330 crate
1081 2280 1300 2328 constant.
1349 2280 1441 2325 Ha-

160 2351 269 2400 bent
285 2353 335 2400 &
352 2354 593 2400 candorem
607 2390 624 2411 ,
643 2353 929 2418 rigoremque
942 2392 956 2414 ‚
977 2357 1027 2404 &
1045 2355 1092 2402 in
1120 2352 1353 2417 sculpturis
1371 2352 1440 2399 faa

161 2424 387 2472 eilitatem.
415 2424 487 2471 Est
510 2426 680 2473 lentitia
706 2426 889 2489 platano
903 2463 916 2486 ‚
934 2427 1008 2475 sed
1026 2428 1228 2485 madida,
1251 2427 1359 2473 sicut
1378 2426 1441 2474 als·

162 2514 242 2552 no„
274 2498 446 2550 Siccior
471 2499 624 2551 eadem
656 2499 808 2561 ulmo,
838 2500 1050 2561 fraxino,
1079 2517 1240 2561 moro,
1261 2499 1446 2560 ceraso,

1049 2576 1190 2647 .[4
