1653 2797
275 159 553 209 NATUR.
592 159 894 208 HISTOR.
924 160 1052 208 LIB.
1089 161 1211 209 XX.
1246 227 1249 229 -
1315 178 1403 229 375

122 267 314 318 mobiles
334 268 454 317 fistit.
482 271 592 316 Item
610 267 746 330 spinae
760 303 774 326 ‚
794 269 845 315 &
863 268 1148 329 lumborum,
1165 287 1216 318 ac
1237 287 1411 319 coxen-

123 344 275 392 dicum
302 342 515 399 dolores‚
545 357 648 387 cum
679 340 785 388 oleo
818 340 851 386 fi
881 340 1131 390 infricetur.
1164 345 1408 403 Praeterea,

124 416 289 463 mirum
322 413 467 471 dictu,
498 411 665 459 semina
700 411 793 474 ejus
827 412 860 458 fi
889 412 1055 461 fuerint
1078 413 1176 478 pari
1209 432 1408 463 numero

122 489 356 552 adalligata
390 484 594 534 febribus
613 522 627 545 ‚
660 485 808 534 sanare
843 486 1082 547 dicuntur,
1113 505 1223 552 quas
1256 489 1410 538 Graeci

122 559 375 625 periodicas
393 571 582 606 vocant.
619 559 787 606 Sativae
812 575 1000 623 quoque
1026 560 1132 607 rasae
1160 560 1319 608 succus
1343 573 1411 608 te·

122 632 318 696 pefaEtus
336 629 518 677 auribus
535 629 751 677 medetur.
774 631 896 678 Caro
914 630 1011 694 ejus
1030 632 1220 679 interior
1236 634 1327 682 fine
1346 635 1411 682 se-

123 705 272 764 mine,
287 702 427 752 clavis
444 703 630 766 pedum,
651 704 701 751 &
716 702 1139 767 suppurationibus,
1159 722 1261 769 quae
1276 710 1411 754 Grae-

122 779 165 827 ci
194 788 368 826 vocant
398 776 684 840 apostemata.
727 767 946 825 Deco&ae
993 794 1139 825 autem
1183 779 1412 826 universae

122 851 278 899 succus
297 886 312 910 ‚
341 850 545 898 dentium
577 862 728 897 motus
759 849 923 897 stabilit
942 885 957 909 ‚
989 852 1040 899 δέ
1063 850 1247 899 dolores
1282 852 1412 899 inhi-

122 925 211 973 bet.
249 924 426 972 Vinum
449 941 551 971 cum
583 940 634 971 ea
662 922 980 983 fervefactum,
1010 923 1256 972 oculorum
1275 925 1411 974 etiam

122 998 329 1060 impetus.
362 997 488 1044 Folia
517 997 612 1060 ejus
640 1014 743 1044 cum
772 996 1027 1044 recentibus
1058 997 1273 1060 cupreffi,
1293 1014 1413 1045 con-

122 1070 244 1129 tusa,
274 1071 326 1118 &
350 1070 587 1134 impofita:
616 1069 709 1134 ipsa
734 1087 918 1135 quoque
941 1070 1058 1118 tosta
1084 1071 1132 1117 in
1151 1071 1304 1136 argilla
1319 1107 1333 1130 ‚
1357 1089 1419 1122 aa

123 1145 226 1192 trita
253 1161 357 1192 cum
388 1145 517 1208 adipe
541 1144 730 1202 anseris,
756 1145 1023 1193 vulneribus
1055 1146 1275 1194 medetur.
1311 1147 1414 1195 Nec

122 1236 221 1266 non
237 1218 448 1267 ramentis
466 1219 650 1266 corticis
671 1231 871 1266 recentes
890 1219 1130 1283 prodagras
1146 1217 1380 1283 refrigerat
1394 1256 1412 1279 ‚

123 1293 173 1340 &
204 1292 385 1340 ardores
405 1292 589 1356 capitis,
608 1293 850 1340 infantium
874 1293 1084 1340 maxime.
1113 1294 1170 1340 Et
1195 1293 1319 1357 ignes
1345 1294 1411 1341 sa·-

122 1382 253 1424 cros,
287 1366 343 1413 de
371 1365 668 1430 strigmentis,
692 1366 769 1414 vel
797 1367 866 1414 his
893 1366 1140 1430 impositis,
1174 1366 1252 1414 vel
1277 1366 1413 1415 semi-

122 1439 268 1486 nibus.
302 1440 469 1487 Succus
493 1458 550 1487 ex
583 1439 878 1505 strigmentis,
911 1441 1054 1488 illitus
1086 1459 1189 1489 cum
1222 1441 1411 1490 rosaceo

122 1513 175 1560 &
198 1524 359 1572 acet0‚
396 1513 591 1561 febrium
622 1514 802 1561 ardores
834 1512 1080 1577 refrigerat.
1117 1514 1270 1564 Aridae
1291 1515 1408 1562 cinis

123 1585 358 1649 impositus
376 1587 489 1634 mire
516 1586 747 1634 combusta
777 1586 912 1634 sanat.
948 1586 1234 1651 Chrysippus
1263 1588 1411 1635 medi-

124 1675 204 1705 cus
236 1658 474 1705 damnabat
496 1674 568 1705 eas
599 1657 646 1704 in
680 1658 802 1705 cibis.
837 1658 924 1705 Sed
953 1658 1159 1705 omnium
1191 1659 1412 1708 consensu

124 1731 362 1780 stomacho
400 1731 638 1779 utiliffimae
665 1730 950 1794 judicantur,
990 1733 1041 1780 &
1071 1731 1415 1782 interaneorum

126 1807 463 1869 vesicarumque
489 1805 948 1853 exhulcerationibus.

190 1880 268 1926 1X.
301 1878 375 1925 Est
399 1881 451 1926 &
478 1895 590 1942 rapo
620 1879 691 1926 vis
724 1878 911 1926 medica.
948 1877 1195 1925 Perniones
1228 1877 1414 1926 fervens

125 1951 384 2016 impositum
403 1951 538 1999 sanat.
559 1954 670 1998 Item
696 1950 834 2016 frigus
855 1950 981 2014 pellit
1000 1967 1024 1997 e
1044 1950 1251 2014 pedibus.
1284 1953 1415 2015 Aqua

126 2025 303 2073 decoffl
331 2024 423 2088 ejus
454 2024 634 2072 fervens
663 2026 873 2090 podagris
900 2025 1035 2072 etiam
1052 2024 1228 2089 frigidis
1257 2026 1414 2073 meden-

126 2110 228 2145 tur:
263 2099 313 2146 &
345 2099 531 2146 crudum
561 2098 705 2146 tusum
735 2116 840 2147 cum
872 2097 980 2158 sale,
1011 2098 1267 2163 cuicunque
1292 2099 1414 2147 vitio

126 2171 304 2234 pedum.
339 2172 498 2218 Semen
526 2171 687 2219 illitum
717 2174 768 2221 &
798 2184 959 2236 potum
989 2171 1038 2221 in
1069 2171 1214 2232 vino,
1250 2185 1414 2221 contra

105 2244 349 2307 „serpentes
366 2246 417 2292 ὃς
433 2245 588 2293 toxica
619 2245 805 2294 salutare
830 2246 914 2295 effe
942 2245 1167 2310 proditur.
1202 2247 1241 2292 A
1259 2247 1414 2294 multis

125 2333 243 2364 vero
272 2318 462 2365 antidoti
486 2318 583 2366 vim
604 2319 765 2366 habere
794 2319 842 2366 in
865 2320 981 2368 vino
1009 2320 1060 2368 &
1082 2319 1204 2369 oleo.
1239 2321 1414 2367 Demo-

127 2390 265 2437 critus
299 2390 346 2436 in
379 2402 529 2438 totum
560 2407 611 2438 ea
635 2391 865 2439 abdicavit
895 2392 942 2438 in
964 2391 1074 2439 cibis
1091 2427 1105 2449 ‚
1131 2404 1321 2454 propter
1338 2391 1415 2437 in-

127 2461 349 2512 flationes,
379 2464 570 2512 Diocles
594 2465 767 2530 magnis
785 2464 992 2513 laudibus
1012 2464 1116 2511 tulit
1130 2500 1145 2524 ‚
1163 2464 1300 2512 etiarn
1319 2466 1416 2511 Ve-

1011 2539 1049 2583 A
1070 2554 1093 2585 a
1130 2553 1161 2598 4
