1653 2797
344 168 631 261 N‘ATUR·
668 208 984 257 HISTOR.
1023 209 1146 257 LlB.
1174 206 1291 257 XX.
1375 223 1465 272 435

182 322 366 379 linitur,
408 320 482 368 sed
532 319 691 383 saepius
735 330 934 367 mutatur
983 318 1239 382 priusquam
1286 316 1468 366 arescat.

246 397 452 444 XCVIII.
475 393 633 441 Ferula
650 393 797 440 semen
827 392 991 439 anetho
1011 390 1149 439 simile
1170 390 1318 438 habet.
1349 391 1470 451 Quae

181 470 237 517 ab
266 485 360 515 uno
385 467 512 515 caule
547 465 767 514 dividitur
788 465 834 511 in
853 465 1086 513 cacumine
1103 501 1117 520 ‚
1149 463 1315 511 femina
1342 472 1470 526 puta-

181 554 265 588 tur.
282 539 443 588 Caules
460 539 652 585 eduntur
669 537 872 594 decocti,
886 537 1350 600 commendanturque
1369 553 1469 583 mu-

182 613 253 660 sto
269 630 320 660 ac
343 610 474 659 melle
486 647 501 669 ‚
522 610 754 658 stomacho
771 610 915 657 utiles.
947 610 1023 656 Sin
1044 609 1195 673 plures
1216 606 1379 668 sumti,
1396 627 1469 656 ca-

182 685 286 750 pitis
309 684 517 731 dolorem
542 682 724 730 faciunt.
753 682 897 729 Radix
915 683 1086 729 denarii
1105 681 1308 745 pondere
1330 680 1379 729 in
1395 682 1467 730 vi-

183 760 232 806 ni
267 757 445 823 cyathis
473 756 678 814 duobus,
698 753 866 802 bibitur
896 754 1106 802 adversus
1137 755 1375 818 serpentes.
1409 757 1468 802 Et

183 830 274 894 ipsa
300 830 426 878 radix
458 827 726 893 imponitur.
759 828 833 876 Sic
863 829 914 876 &
941 827 1214 877 torminibus
1249 827 1469 875 medetur.

186 906 256 950 Ex
276 902 382 949 oleo
396 913 547 949 autem
563 902 613 949 δε
628 914 756 948 aceto
769 936 783 959 ,
802 911 963 948 contra
976 899 1159 948 sudores
1177 900 1474 959 immodicos,

186 975 265 1023 vel
297 974 344 1020 in
364 973 560 1021 febribus
590 969 786 1036 proficit.
818 973 986 1020 Succus
1011 972 1165 1019 ferulae
1194 973 1351 1020 alvum
1378 971 1472 1019 sol-

187 1047 258 1097 vit
286 1047 399 1094 fabae
430 1046 738 1111 magnitudine
766 1046 1024 1094 devoratus.
1056 1049 1095 1093 E
1119 1045 1257 1094 viridi
1279 1045 1472 1093 medulla

188 1121 346 1167 vulvis
376 1120 496 1167 utilis
515 1155 530 1179 ,
561 1122 611 1167 δε
629 1120 683 1166 ad
703 1120 857 1167 omnia
885 1137 937 1166 ea
965 1120 1090 1167 vitia.
1118 1119 1190 1166 Ad
1211 1118 1471 1184 sanguinem
1536 1126 1543 1134 '

189 1193 425 1241 fistendum
449 1193 602 1241 decem
633 1208 769 1256 grana
801 1192 979 1239 seminis
1008 1191 1225 1239 bibuntur
1242 1225 1260 1250 ,
1285 1192 1332 1238 in
1353 1192 1472 1239 vino

188 1267 322 1325 trita,
351 1265 429 1313 vel
464 1265 673 1312 medulla.
709 1267 823 1313 Sunt
856 1265 936 1329 qui
972 1264 1273 1313 comitialibus
1297 1265 1471 1312 morbis

189 1341 385 1388 dandum
401 1351 560 1404 putant
579 1343 703 1387 Luna
722 1351 878 1404 quarta
891 1376 903 1397 ‚
925 1338 1066 1397 sexta,
1085 1338 1292 1403 septima,
1322 1339 1473 1403 ligulae

192 1415 407 1462 mensura.
457 1417 626 1462 Natura
664 1414 908 1462 ferularum
949 1413 1162 1461 muraenis
1201 1412 1472 1461 infessiffima

190 1489 282 1535 est:
319 1490 442 1536 tactae
473 1488 688 1553 siquidem
722 1505 770 1535 ea
798 1487 1071 1545 moriuntur.
1116 1485 1276 1533 Castor
1310 1486 1474 1533 radicis

190 1560 373 1608 succum
408 1562 459 1609 δι
506 1560 747 1608 oculorum
795 1560 984 1608 claritati
1031 1558 1237 1608 conferre
1276 1559 1471 1607 multum

188 1635 381 1698 putavit.
642 1633 650 1643 ‘

269 1708 434 1754 XClX.
473 1711 529 1753 Et
565 1708 619 1754 de
656 1710 929 1756 carduorum
965 1708 1059 1756 satu
1093 1709 1209 1756 inter
1245 1708 1470 1755 hortensia

189 1780 412 1827 diximus.-
441 1793 714 1844 quapropter
734 1785 784 1830 &
805 1783 1074 1830 medicinam
1105 1800 1161 1830 ex
1182 1783 1236 1829 iis
1262 1799 1359 1828 non
1384 1781 1472 1828 dif-

190 1852 399 1901 feramusn
425 1853 702 1901 Silvestrium
732 1872 892 1918 genera
922 1855 1021 1903 sunt
1054 1856 1170 1903 duo:
1204 1873 1344 1904 unum
1373 1855 1472 1902 fru-

192 1926 374 1974 ticofius
407 1944 432 1974 a
467 1939 584 1974 terra
615 1928 787 1977 statim:
823 1929 1011 1977 alterum
1042 1930 1248 1978 unicaule
1280 1931 1473 1979 craffius,

192 2000 387 2063 Utrique
419 1999 530 2046 folia
565 2018 738 2063 pauca,
772 2001 978 2066 spinosa,
1009 2004 1236 2052 muricatis
1272 2006 1473 2052 cacumin

192 2073 335 2121 nibus.
363 2074 448 2120 Sed
476 2074 585 2120 alter
606 2074 765 2123 florem
792 2093 1065 2140 purpureum
1085 2078 1224 2125 mittit
1245 2079 1360 2126 inter
1379 2095 1471 2125 me-

193 2144 294 2190 dios
331 2145 538 2203 aculeos,
566 2145 768 2193 celeriter
798 2146 1132 2207 canescentem,
1167 2150 1216 2196 &
1236 2149 1473 2195 abeuntem

192 2235 296 2264 cum
320 2234 447 2266 aura:
472 2217 715 2283 scolymon
735 2221 887 2268 Graeci
907 2235 1092 2269 vocant.
1126 2221 1214 2269 Hic
1235 2235 1472 2287 antequam

191 2289 353 2336 floreat
385 2290 599 2338 contusus
629 2304 760 2357 atque
794 2295 1045 2357 expreffus,
1075 2294 1190 2342 illito
1215 2294 1349 2343 succo
1371 2295 1472 2342 alo-

193 2363 341 2426 pecias
371 2364 526 2426 replet.
558 2365 704 2411 Radix
738 2366 1041 2432 cujuscunque
1064 2385 1119 2415 ex
1146 2385 1260 2432 aqua
1287 2367 1473 2416 deco&a

194 2435 434 2498 potoribus
463 2436 578 2483 sitim
614 2436 760 2485 facere
798 2452 1014 2487 narratur.
1045 2441 1334 2488 Stomachum
1367 2457 1472 2487 cor-

193 2508 416 2558 roborat:
450 2510 500 2559 &
528 2510 683 2559 vulvis
719 2510 777 2575 (fi
813 2511 1068 2577 credimus)
1101 2514 1234 2563 etiam
1263 2512 1474 2563 conferre
