1653 2797
221 141 513 191 NATUR.
549 138 1024 188 HisToR.L1B.
1060 142 1180 191 XV.
1322 155 1377 206 57

100 251 256 318 Syriae.
300 250 596 313 Reliquorum
631 246 818 294 nomina
855 248 983 295 aliter
1022 249 1068 296 in
1106 249 1202 297 aliis
1245 260 1376 314 atque

100 324 196 371 aliis
227 323 340 370 locis
362 318 654 384 appellantur.
673 318 759 364 Sed
786 319 991 366 confessis
1011 321 1147 368 Urbis
1173 322 1378 369 vocabu-

100 397 152 443 lis
189 397 389 444 auestores
424 392 526 439 suos
563 391 862 438 nobilitavere
901 392 1202 452 Decimiana,
1242 396 1292 442 &
1322 412 1378 441 ex

99 488 154 517 eo
186 470 373 517 traiium
400 465 525 530 quod
553 463 1030 512 Pseudodecimianum
1063 477 1248 511 vocant.
1268 467 1376 512 Do-

98 542 328 589 labelliana
357 537 596 602 longissimi
626 537 837 600 pediculi.
868 537 1184 600 Pomponiana
1203 555 1377 601 cogno-

96 615 216 661 mine
244 611 486 660 mammosa
506 647 519 669 ,
547 610 779 658 Liceriana
799 647 812 667 ,
851 610 1041 656 Seviana
1059 647 1072 666 ,
1108 611 1156 657 &
1191 627 1289 674 quse
1323 628 1379 657 ex

95 686 149 733 iis
180 698 283 734 nata
306 685 403 732 sunt
422 721 436 743 ,
455 683 759 740 Turraniana,
785 682 1072 746 longitudine
1095 683 1292 745 pediculi
1310 685 1377 730 di-

95 758 266 806 stantia.
299 757 562 804 Favoniana
593 754 755 810 rubra,
791 755 930 816 paulo
967 753 1164 817 superbis
1195 755 1377 819 majora.

96 831 352 889 Lateriana,
374 829 594 877 Aniciana
619 826 721 890 post
751 827 1023 873 autumnalia
1045 829 1225 875 acidulo
1246 829 1378 891 sapo-

95 919 143 949 re
172 903 383 962 iucunda.
422 901 666 947 Tiberiana
703 899 985 962 appellantur
1007 935 1020 957 ,
1059 917 1157 963 quae
1186 900 1377 947 maxime

95 976 284 1024 Tiberio
315 974 512 1038 principi
544 974 766 1036 placuere.
793 973 1074 1019 Colorantur
1093 974 1228 1037 magis
1248 974 1378 1033 Sole,

95 1050 507 1114 grandescuntque:
541 1046 712 1109 alioqui
747 1046 899 1092 eadem
920 1046 1084 1103 effent,
1118 1065 1218 1110 quae
1247 1049 1377 1095 Lice-

93 1122 230 1169 rIana.
277 1121 437 1168 Patriae
480 1119 669 1165 nomina
702 1118 901 1175 habent,
933 1117 1139 1165 seriffima
1172 1121 1382 1168 omnium*

95 1195 336 1253 Amerina,
379 1192 642 1249 Picentina,
687 1191 965 1237 Numantina
985 1227 998 1250 ,
1040 1193 1343 1240 Alexandrina
1363 1230 1376 1252 ,

95 1269 394 1325 Numidiana,
430 1269 616 1322 Graeca,
649 1266 696 1311 &
726 1264 773 1309 in
808 1264 876 1309 his
906 1264 1148 1311 Tarentina
1175 1284 1185 1311 :
1229 1266 1377 1328 Signi-

95 1357 179 1399 na,
215 1358 315 1388 011ae
352 1340 428 1388 alii
460 1355 484 1384 a
525 1337 684 1384 colore
730 1335 918 1383 testacea
962 1336 1216 1399 appellant:
1264 1338 1377 1385 ficut

94 1414 354 1479 onychina,
391 1428 625 1476 purpurea.
684 1410 754 1457 Ab
790 1410 966 1468 odore,
1004 1411 1236 1474 myrapia,
1276 1411 1376 1458 lau-

93 1503 192 1545 rea,
211 1487 412 1534 nardina.
450 1487 489 1532 A
514 1498 722 1546 tempore
737 1519 751 1541 ,
768 1482 1031 1530 hordearia:
1053 1502 1077 1530 a
1103 1484 1226 1533 collo
1241 1521 1257 1542 ,
1279 1502 1375 1531 am-

92 1559 319 1622 pullacea:
351 1577 374 1606 a
394 1558 524 1606 corio
548 1559 704 1614 laneo,
723 1557 864 1604 bruta.
885 1557 1160 1605 Gentilitatis
1177 1594 1190 1616 ,
1214 1576 1373 1605 cucur-

94 1632 232 1679 bitina
253 1652 263 1679 :
291 1633 465 1681 acidula
482 1669 496 1691 ,
516 1631 650 1679 succi.
694 1633 868 1688 Incerta
893 1631 1131 1679 nominum
1157 1630 1287 1679 causa
1312 1631 1374 1678 est

92 1702 363 1762 barbaricis,
399 1702 700 1766 Venereisque
718 1739 732 1760 ,
761 1719 863 1765 quae
895 1702 1100 1750 colorata
1134 1703 1372 1751 dicuntur:

93 1777 250 1839 regiis,
273 1795 374 1840 quae
393 1778 584 1825 minimo
607 1776 817 1840 pediculo
842 1774 1017 1822 seffilia:
1040 1777 1260 1839 patriciis,
1282 1794 1372 1824 vo-

95 1848 266 1906 coniis,
287 1849 508 1896 viridibus
540 1848 854 1912 oblongisque.
894 1850 1111 1897 Praeterea
1144 1851 1256 1897 dixit
1280 1869 1371 1901 vor.

92 1917 205 1965 lema
234 1919 470 1984 Virgilius,
491 1938 516 1966 a
541 1921 716 1968 Catone
737 1919 876 1966 sumta
892 1956 907 1979 ,
929 1920 1009 1984 qui
1028 1923 1077 1969 &
1097 1919 1370 1980 sementiva,

92 1992 141 2039 δέ
164 1991 332 2039 mustea
359 1994 579 2041 nominat.

165 2066 308 2112 XVII.
348 2067 452 2113 Pars
494 2067 590 2114 haec
630 2067 739 2114 vitae
770 2064 1035 2129 jampridem
1072 2067 1283 2130 pervenit
1314 2068 1371 2114 ad

93 2138 327 2199 columen,
346 2142 544 2204 expertis
563 2141 719 2188 cunila
741 2141 1016 2189 hominibus.
1059 2141 1242 2204 Quippe
1265 2158 1368 2187 cum

94 2211 306 2274 Virgilius
344 2212 515 2260 insitam
558 2215 749 2262 nucibus
791 2215 1029 2273 arbutum,
1063 2214 1187 2261 malis
1222 2214 1365 2276 plata-

92 2303 235 2343 num,
268 2287 424 2334 cerafis
460 2288 633 2336 ulmum
673 2288 804 2336 dicat.
857 2290 954 2336 Nec
992 2287 1237 2352 quidquam
1269 2304 1366 2333 am-

90 2357 206 2420 plius
231 2359 477 2422 excogitari
507 2361 665 2424 potest.
700 2361 885 2409 Nullum
920 2373 1038 2409 certe
1064 2378 1250 2424 pomum
1278 2377 1368 2407 no—

89 2450 199 2480 vum
217 2434 292 2480 diu
310 2432 397 2495 jam
424 2433 670 2483 invenitur.
702 2439 864 2501 Neque
884 2438 1038 2484 onmia
1062 2437 1186 2483 insita
1207 2436 1363 2484 misce-
