<?xml version="1.0" encoding="UTF-8"?>
<!DOCTYPE html PUBLIC "-//W3C//DTD XHTML 1.0 Transitional//EN"
    "http://www.w3.org/TR/xhtml1/DTD/xhtml1-transitional.dtd">
<html xmlns="http://www.w3.org/1999/xhtml" xml:lang="en" lang="en">
 <head>
  <title>
</title>
<meta http-equiv="Content-Type" content="text/html;charset=utf-8" />
  <meta name='ocr-system' content='tesseract 3.04.00' />
  <meta name='ocr-capabilities' content='ocr_page ocr_carea ocr_par ocr_line ocrx_word'/>
</head>
<body>
  <div class='ocr_page' id='page_1' title='image "./caiipliniisecund03plinuoft_0257.png"; bbox 0 0 1653 2797; ppageno 0'>
   <div class='ocr_carea' id='block_1_1' title="bbox 263 182 1449 243">
    <p class='ocr_par' dir='ltr' id='par_1_1' title="bbox 263 182 1449 243">
     <span class='ocr_line' id='line_1_1' title="bbox 263 182 1449 243; baseline -0.004 -11"><span class='ocrx_word' id='word_1_1' title='bbox 263 186 538 234; x_wconf 88' lang='lat' dir='ltr'>NATUR.</span> <span class='ocrx_word' id='word_1_2' title='bbox 572 182 880 231; x_wconf 88' lang='lat' dir='ltr'>HISTOR.</span> <span class='ocrx_word' id='word_1_3' title='bbox 921 183 1045 230; x_wconf 88' lang='lat' dir='ltr'>LIB.</span> <span class='ocrx_word' id='word_1_4' title='bbox 1078 183 1282 231; x_wconf 88' lang='lat' dir='ltr'>XVIII.</span> <span class='ocrx_word' id='word_1_5' title='bbox 1353 198 1449 243; x_wconf 79' lang='lat'>249</span> 
     </span>
    </p>
   </div>
   <div class='ocr_carea' id='block_1_2' title="bbox 152 289 1452 2543">
    <p class='ocr_par' dir='ltr' id='par_1_2' title="bbox 152 289 1452 2543">
     <span class='ocr_line' id='line_1_2' title="bbox 167 289 1443 358; baseline -0.006 -16"><span class='ocrx_word' id='word_1_6' title='bbox 167 305 212 342; x_wconf 86' lang='lat' dir='ltr'>te</span> <span class='ocrx_word' id='word_1_7' title='bbox 230 295 339 354; x_wconf 87' lang='lat' dir='ltr'>,vel</span> <span class='ocrx_word' id='word_1_8' title='bbox 367 294 575 358; x_wconf 85' lang='lat' dir='ltr'>sanguine</span> <span class='ocrx_word' id='word_1_9' title='bbox 604 309 627 338; x_wconf 93' lang='lat' dir='ltr'>e</span> <span class='ocrx_word' id='word_1_10' title='bbox 662 291 804 338; x_wconf 87' lang='lat' dir='ltr'>cruris</span> <span class='ocrx_word' id='word_1_11' title='bbox 838 290 971 337; x_wconf 89' lang='lat' dir='ltr'>venis</span> <span class='ocrx_word' id='word_1_12' title='bbox 1005 291 1220 340; x_wconf 82' lang='lat' dir='ltr'>admixto.</span> <span class='ocrx_word' id='word_1_13' title='bbox 1261 289 1443 340; x_wconf 81' lang='lat' dir='ltr'>AEthio-</span> 
     </span>
     <span class='ocr_line' id='line_1_3' title="bbox 165 363 1442 431; baseline -0.004 -17"><span class='ocrx_word' id='word_1_14' title='bbox 165 385 244 431; x_wconf 86' lang='lat' dir='ltr'>pes</span> <span class='ocrx_word' id='word_1_15' title='bbox 270 386 365 417; x_wconf 85' lang='lat' dir='ltr'>non</span> <span class='ocrx_word' id='word_1_16' title='bbox 386 367 516 415; x_wconf 90' lang='lat' dir='ltr'>aliam</span> <span class='ocrx_word' id='word_1_17' title='bbox 534 364 708 428; x_wconf 84' lang='lat' dir='ltr'>frugem</span> <span class='ocrx_word' id='word_1_18' title='bbox 725 399 739 423; x_wconf 84' lang='lat'><strong>‚</strong></span> <span class='ocrx_word' id='word_1_19' title='bbox 756 380 893 427; x_wconf 87' lang='lat' dir='ltr'>quam</span> <span class='ocrx_word' id='word_1_20' title='bbox 915 363 1027 411; x_wconf 87' lang='lat' dir='ltr'>milii</span> <span class='ocrx_word' id='word_1_21' title='bbox 1054 365 1305 430; x_wconf 82' lang='lat' dir='ltr'>hordeique</span> <span class='ocrx_word' id='word_1_22' title='bbox 1318 400 1334 423; x_wconf 89' lang='lat'>‚</span> <span class='ocrx_word' id='word_1_23' title='bbox 1354 379 1442 410; x_wconf 90' lang='lat' dir='ltr'>no-</span> 
     </span>
     <span class='ocr_line' id='line_1_4' title="bbox 169 456 1075 489; baseline -0.003 0"><span class='ocrx_word' id='word_1_24' title='bbox 169 456 294 489; x_wconf 79' lang='lat' dir='ltr'>vere.</span> <span class='ocrx_word' id='word_1_25' title='bbox 1072 475 1075 476; x_wconf 22' lang='grc' dir='ltr'><em>ν</em></span> 
     </span>
     <span class='ocr_line' id='line_1_5' title="bbox 230 509 1443 574; baseline -0.005 -12"><span class='ocrx_word' id='word_1_26' title='bbox 230 515 380 562; x_wconf 87' lang='lat' dir='ltr'>XXV.</span> <span class='ocrx_word' id='word_1_27' title='bbox 400 511 627 559; x_wconf 86' lang='lat' dir='ltr'>Panico&amp;</span> <span class='ocrx_word' id='word_1_28' title='bbox 643 510 804 558; x_wconf 84' lang='lat' dir='ltr'>Galliae</span> <span class='ocrx_word' id='word_1_29' title='bbox 825 509 1029 573; x_wconf 83' lang='lat' dir='ltr'>quidem,</span> <span class='ocrx_word' id='word_1_30' title='bbox 1048 512 1276 574; x_wconf 69' lang='lat' dir='ltr'>praecipue</span> <span class='ocrx_word' id='word_1_31' title='bbox 1297 510 1443 574; x_wconf 86' lang='lat' dir='ltr'>Aqui-</span> 
     </span>
     <span class='ocr_line' id='line_1_6' title="bbox 166 582 1445 646; baseline -0.002 -14"><span class='ocrx_word' id='word_1_32' title='bbox 166 585 287 632; x_wconf 85' lang='lat' dir='ltr'>tania</span> <span class='ocrx_word' id='word_1_33' title='bbox 313 584 467 631; x_wconf 89' lang='lat' dir='ltr'>utitur.</span> <span class='ocrx_word' id='word_1_34' title='bbox 501 584 585 631; x_wconf 88' lang='lat' dir='ltr'>Sed</span> <span class='ocrx_word' id='word_1_35' title='bbox 603 585 653 631; x_wconf 86' lang='lat'>&amp;</span> <span class='ocrx_word' id='word_1_36' title='bbox 671 583 1032 646; x_wconf 85' lang='lat' dir='ltr'>Circumpadana</span> <span class='ocrx_word' id='word_1_37' title='bbox 1050 583 1174 630; x_wconf 87' lang='lat' dir='ltr'>Italia</span> <span class='ocrx_word' id='word_1_38' title='bbox 1207 583 1354 630; x_wconf 81' lang='lat' dir='ltr'>addita</span> <span class='ocrx_word' id='word_1_39' title='bbox 1378 582 1445 629; x_wconf 88' lang='lat' dir='ltr'>fa-</span> 
     </span>
     <span class='ocr_line' id='line_1_7' title="bbox 166 655 1448 722; baseline -0.004 -16"><span class='ocrx_word' id='word_1_40' title='bbox 166 660 223 706; x_wconf 86' lang='lat' dir='ltr'>ba</span> <span class='ocrx_word' id='word_1_41' title='bbox 242 695 257 718; x_wconf 89' lang='lat'>,</span> <span class='ocrx_word' id='word_1_42' title='bbox 287 659 376 705; x_wconf 91' lang='lat' dir='ltr'>fine</span> <span class='ocrx_word' id='word_1_43' title='bbox 401 675 488 722; x_wconf 88' lang='lat' dir='ltr'>qua</span> <span class='ocrx_word' id='word_1_44' title='bbox 514 658 626 704; x_wconf 86' lang='lat' dir='ltr'>nihil</span> <span class='ocrx_word' id='word_1_45' title='bbox 659 655 922 707; x_wconf 86' lang='lat' dir='ltr'>conficiunt.</span> <span class='ocrx_word' id='word_1_46' title='bbox 946 656 1146 703; x_wconf 77' lang='lat' dir='ltr'>Ponticae</span> <span class='ocrx_word' id='word_1_47' title='bbox 1171 668 1321 720; x_wconf 82' lang='lat' dir='ltr'>gentes</span> <span class='ocrx_word' id='word_1_48' title='bbox 1346 657 1448 702; x_wconf 88' lang='lat' dir='ltr'>nul-</span> 
     </span>
     <span class='ocr_line' id='line_1_8' title="bbox 165 727 1449 796; baseline -0.005 -17"><span class='ocrx_word' id='word_1_49' title='bbox 165 733 260 783; x_wconf 88' lang='lat' dir='ltr'>lum</span> <span class='ocrx_word' id='word_1_50' title='bbox 286 731 451 796; x_wconf 86' lang='lat' dir='ltr'>panico</span> <span class='ocrx_word' id='word_1_51' title='bbox 489 729 732 794; x_wconf 81' lang='lat' dir='ltr'>praeferunt</span> <span class='ocrx_word' id='word_1_52' title='bbox 772 730 935 777; x_wconf 87' lang='lat' dir='ltr'>cibum.</span> <span class='ocrx_word' id='word_1_53' title='bbox 973 729 1141 776; x_wconf 88' lang='lat' dir='ltr'>Cetero</span> <span class='ocrx_word' id='word_1_54' title='bbox 1169 727 1323 774; x_wconf 87' lang='lat' dir='ltr'>aestiva</span> <span class='ocrx_word' id='word_1_55' title='bbox 1354 727 1449 774; x_wconf 84' lang='lat' dir='ltr'>fru-</span> 
     </span>
     <span class='ocr_line' id='line_1_9' title="bbox 164 801 1447 868; baseline -0.005 -16"><span class='ocrx_word' id='word_1_56' title='bbox 164 817 317 852; x_wconf 89' lang='lat' dir='ltr'>menta</span> <span class='ocrx_word' id='word_1_57' title='bbox 349 804 486 868; x_wconf 79' lang='lat' dir='ltr'>riguis</span> <span class='ocrx_word' id='word_1_58' title='bbox 529 803 668 867; x_wconf 81' lang='lat' dir='ltr'>magis</span> <span class='ocrx_word' id='word_1_59' title='bbox 712 802 868 860; x_wconf 87' lang='lat' dir='ltr'>etiam,</span> <span class='ocrx_word' id='word_1_60' title='bbox 908 819 1043 866; x_wconf 87' lang='lat' dir='ltr'>quam</span> <span class='ocrx_word' id='word_1_61' title='bbox 1082 801 1299 849; x_wconf 84' lang='lat' dir='ltr'>imbribus</span> <span class='ocrx_word' id='word_1_62' title='bbox 1336 818 1447 865; x_wconf 82' lang='lat' dir='ltr'>gau-</span> 
     </span>
     <span class='ocr_line' id='line_1_10' title="bbox 165 874 1445 940; baseline -0.005 -15"><span class='ocrx_word' id='word_1_63' title='bbox 165 879 286 925; x_wconf 86' lang='lat' dir='ltr'>dent.</span> <span class='ocrx_word' id='word_1_64' title='bbox 326 877 503 924; x_wconf 88' lang='lat' dir='ltr'>Milium</span> <span class='ocrx_word' id='word_1_65' title='bbox 537 879 586 925; x_wconf 87' lang='lat'>&amp;</span> <span class='ocrx_word' id='word_1_66' title='bbox 611 876 822 939; x_wconf 87' lang='lat' dir='ltr'>panicum</span> <span class='ocrx_word' id='word_1_67' title='bbox 854 877 979 940; x_wconf 87' lang='lat' dir='ltr'>aquis</span> <span class='ocrx_word' id='word_1_68' title='bbox 1007 875 1192 923; x_wconf 89' lang='lat' dir='ltr'>minime</span> <span class='ocrx_word' id='word_1_69' title='bbox 1212 911 1226 935; x_wconf 82' lang='grc'><strong><em>,</em></strong></span> <span class='ocrx_word' id='word_1_70' title='bbox 1267 891 1371 922; x_wconf 88' lang='lat' dir='ltr'>cum</span> <span class='ocrx_word' id='word_1_71' title='bbox 1398 874 1445 920; x_wconf 86' lang='lat' dir='ltr'>in</span> 
     </span>
     <span class='ocr_line' id='line_1_11' title="bbox 167 946 1449 996; baseline -0.002 0"><span class='ocrx_word' id='word_1_72' title='bbox 167 949 278 996; x_wconf 89' lang='lat' dir='ltr'>folia</span> <span class='ocrx_word' id='word_1_73' title='bbox 315 960 493 996; x_wconf 84' lang='lat' dir='ltr'>exeunt.</span> <span class='ocrx_word' id='word_1_74' title='bbox 533 951 700 996; x_wconf 83' lang='lat' dir='ltr'>Vetant</span> <span class='ocrx_word' id='word_1_75' title='bbox 726 965 777 994; x_wconf 88' lang='lat' dir='ltr'>ea</span> <span class='ocrx_word' id='word_1_76' title='bbox 806 948 920 995; x_wconf 89' lang='lat' dir='ltr'>inter</span> <span class='ocrx_word' id='word_1_77' title='bbox 937 947 1054 996; x_wconf 87' lang='lat' dir='ltr'>Vites</span> <span class='ocrx_word' id='word_1_78' title='bbox 1084 947 1324 995; x_wconf 85' lang='lat' dir='ltr'>arboresve</span> <span class='ocrx_word' id='word_1_79' title='bbox 1347 946 1449 994; x_wconf 91' lang='lat' dir='ltr'>fru-</span> 
     </span>
     <span class='ocr_line' id='line_1_12' title="bbox 165 1018 1448 1086; baseline -0.002 -19"><span class='ocrx_word' id='word_1_80' title='bbox 165 1022 325 1086; x_wconf 84' lang='lat' dir='ltr'>giferas</span> <span class='ocrx_word' id='word_1_81' title='bbox 352 1020 433 1067; x_wconf 90' lang='lat' dir='ltr'>seri</span> <span class='ocrx_word' id='word_1_82' title='bbox 449 1057 462 1078; x_wconf 84' lang='lat'>‚</span> <span class='ocrx_word' id='word_1_83' title='bbox 485 1033 648 1067; x_wconf 87' lang='lat' dir='ltr'>terram</span> <span class='ocrx_word' id='word_1_84' title='bbox 672 1020 883 1066; x_wconf 77' lang='lat' dir='ltr'>emactari</span> <span class='ocrx_word' id='word_1_85' title='bbox 905 1020 996 1067; x_wconf 88' lang='lat' dir='ltr'>hoc</span> <span class='ocrx_word' id='word_1_86' title='bbox 1013 1019 1107 1066; x_wconf 89' lang='lat' dir='ltr'>satu</span> <span class='ocrx_word' id='word_1_87' title='bbox 1131 1018 1448 1065; x_wconf 84' lang='lat' dir='ltr'>existimantes.</span> 
     </span>
     <span class='ocr_line' id='line_1_13' title="bbox 231 1091 1449 1155; baseline -0.004 -14"><span class='ocrx_word' id='word_1_88' title='bbox 231 1094 403 1141; x_wconf 89' lang='lat' dir='ltr'>XXVI.</span> <span class='ocrx_word' id='word_1_89' title='bbox 435 1092 549 1139; x_wconf 84' lang='lat' dir='ltr'>Milii</span> <span class='ocrx_word' id='word_1_90' title='bbox 568 1092 822 1155; x_wconf 83' lang='lat' dir='ltr'>praecipuus</span> <span class='ocrx_word' id='word_1_91' title='bbox 847 1093 901 1138; x_wconf 92' lang='lat' dir='ltr'>ad</span> <span class='ocrx_word' id='word_1_92' title='bbox 922 1091 1140 1140; x_wconf 83' lang='lat' dir='ltr'>fermenta</span> <span class='ocrx_word' id='word_1_93' title='bbox 1159 1091 1282 1150; x_wconf 80' lang='lat' dir='ltr'>usus,</span> <span class='ocrx_word' id='word_1_94' title='bbox 1303 1108 1327 1137; x_wconf 96' lang='lat' dir='ltr'>e</span> <span class='ocrx_word' id='word_1_95' title='bbox 1347 1107 1449 1137; x_wconf 78' lang='lat' dir='ltr'>mu-</span> 
     </span>
     <span class='ocr_line' id='line_1_14' title="bbox 166 1163 1449 1226; baseline -0.004 -12"><span class='ocrx_word' id='word_1_96' title='bbox 166 1165 234 1214; x_wconf 86' lang='lat' dir='ltr'>sto</span> <span class='ocrx_word' id='word_1_97' title='bbox 273 1164 437 1213; x_wconf 62' lang='lat' dir='ltr'>subacti</span> <span class='ocrx_word' id='word_1_98' title='bbox 471 1164 519 1211; x_wconf 89' lang='lat' dir='ltr'>in</span> <span class='ocrx_word' id='word_1_99' title='bbox 552 1182 749 1211; x_wconf 87' lang='lat' dir='ltr'>annuum</span> <span class='ocrx_word' id='word_1_100' title='bbox 783 1176 972 1226; x_wconf 85' lang='lat' dir='ltr'>tempus.</span> <span class='ocrx_word' id='word_1_101' title='bbox 1003 1164 1154 1211; x_wconf 80' lang='lat' dir='ltr'>Simile</span> <span class='ocrx_word' id='word_1_102' title='bbox 1189 1163 1240 1210; x_wconf 88' lang='lat' dir='ltr'>fit</span> <span class='ocrx_word' id='word_1_103' title='bbox 1272 1181 1329 1210; x_wconf 84' lang='lat' dir='ltr'>ex</span> <span class='ocrx_word' id='word_1_104' title='bbox 1363 1163 1449 1210; x_wconf 90' lang='lat' dir='ltr'>tri-</span> 
     </span>
     <span class='ocr_line' id='line_1_15' title="bbox 165 1237 1448 1301; baseline -0.001 -16"><span class='ocrx_word' id='word_1_105' title='bbox 165 1238 246 1285; x_wconf 89' lang='lat' dir='ltr'>tici</span> <span class='ocrx_word' id='word_1_106' title='bbox 268 1237 401 1300; x_wconf 80' lang='lat' dir='ltr'>ipsius</span> <span class='ocrx_word' id='word_1_107' title='bbox 428 1237 672 1286; x_wconf 83' lang='lat' dir='ltr'>furfuribus</span> <span class='ocrx_word' id='word_1_108' title='bbox 703 1238 888 1285; x_wconf 83' lang='lat' dir='ltr'>minutis</span> <span class='ocrx_word' id='word_1_109' title='bbox 922 1239 971 1285; x_wconf 86' lang='lat'>&amp;</span> <span class='ocrx_word' id='word_1_110' title='bbox 1006 1237 1190 1301; x_wconf 83' lang='lat' dir='ltr'>optimis</span> <span class='ocrx_word' id='word_1_111' title='bbox 1211 1273 1226 1295; x_wconf 86' lang='lat'>,</span> <span class='ocrx_word' id='word_1_112' title='bbox 1255 1254 1279 1284; x_wconf 94' lang='lat' dir='ltr'>e</span> <span class='ocrx_word' id='word_1_113' title='bbox 1299 1237 1448 1284; x_wconf 89' lang='lat' dir='ltr'>musto</span> 
     </span>
     <span class='ocr_line' id='line_1_16' title="bbox 167 1310 1452 1369; baseline 0.002 -12"><span class='ocrx_word' id='word_1_114' title='bbox 167 1311 273 1358; x_wconf 87' lang='lat' dir='ltr'>albo</span> <span class='ocrx_word' id='word_1_115' title='bbox 313 1311 464 1358; x_wconf 90' lang='lat' dir='ltr'>triduo</span> <span class='ocrx_word' id='word_1_116' title='bbox 508 1322 732 1361; x_wconf 82' lang='lat' dir='ltr'>maturato</span> <span class='ocrx_word' id='word_1_117' title='bbox 774 1310 992 1369; x_wconf 71' lang='lat' dir='ltr'>subaffis,</span> <span class='ocrx_word' id='word_1_118' title='bbox 1033 1328 1085 1358; x_wconf 90' lang='lat' dir='ltr'>ac</span> <span class='ocrx_word' id='word_1_119' title='bbox 1118 1311 1222 1358; x_wconf 90' lang='lat' dir='ltr'>Sole</span> <span class='ocrx_word' id='word_1_120' title='bbox 1262 1311 1452 1359; x_wconf 85' lang='lat' dir='ltr'>ficcatis.</span> 
     </span>
     <span class='ocr_line' id='line_1_17' title="bbox 165 1381 1450 1447; baseline -0.002 -16"><span class='ocrx_word' id='word_1_121' title='bbox 165 1385 273 1431; x_wconf 90' lang='lat' dir='ltr'>Inde</span> <span class='ocrx_word' id='word_1_122' title='bbox 304 1384 501 1447; x_wconf 86' lang='lat' dir='ltr'>pastillos</span> <span class='ocrx_word' id='word_1_123' title='bbox 536 1385 583 1430; x_wconf 87' lang='lat' dir='ltr'>in</span> <span class='ocrx_word' id='word_1_124' title='bbox 621 1399 735 1446; x_wconf 89' lang='lat' dir='ltr'>pane</span> <span class='ocrx_word' id='word_1_125' title='bbox 769 1382 978 1429; x_wconf 83' lang='lat' dir='ltr'>faciendo</span> <span class='ocrx_word' id='word_1_126' title='bbox 1017 1381 1219 1440; x_wconf 87' lang='lat' dir='ltr'>dilutos,</span> <span class='ocrx_word' id='word_1_127' title='bbox 1257 1399 1359 1430; x_wconf 89' lang='lat' dir='ltr'>cum</span> <span class='ocrx_word' id='word_1_128' title='bbox 1391 1383 1450 1429; x_wconf 92' lang='lat' dir='ltr'>s1—</span> 
     </span>
     <span class='ocr_line' id='line_1_18' title="bbox 163 1455 1450 1522; baseline -0.005 -14"><span class='ocrx_word' id='word_1_129' title='bbox 163 1458 373 1522; x_wconf 85' lang='lat' dir='ltr'>milagine</span> <span class='ocrx_word' id='word_1_130' title='bbox 417 1458 592 1506; x_wconf 89' lang='lat' dir='ltr'>seminis</span> <span class='ocrx_word' id='word_1_131' title='bbox 638 1456 969 1514; x_wconf 79' lang='lat' dir='ltr'>fervefaciunt,</span> <span class='ocrx_word' id='word_1_132' title='bbox 1009 1468 1141 1518; x_wconf 85' lang='lat' dir='ltr'>atque</span> <span class='ocrx_word' id='word_1_133' title='bbox 1187 1456 1249 1502; x_wconf 88' lang='lat' dir='ltr'>ita</span> <span class='ocrx_word' id='word_1_134' title='bbox 1292 1455 1450 1502; x_wconf 83' lang='lat' dir='ltr'>farinae</span> 
     </span>
     <span class='ocr_line' id='line_1_19' title="bbox 166 1527 1449 1595; baseline 0 -18"><span class='ocrx_word' id='word_1_135' title='bbox 166 1530 380 1589; x_wconf 86' lang='lat' dir='ltr'>miscent,</span> <span class='ocrx_word' id='word_1_136' title='bbox 397 1532 455 1579; x_wconf 91' lang='lat' dir='ltr'>fic</span> <span class='ocrx_word' id='word_1_137' title='bbox 477 1533 699 1595; x_wconf 89' lang='lat' dir='ltr'>optimum</span> <span class='ocrx_word' id='word_1_138' title='bbox 719 1548 879 1594; x_wconf 86' lang='lat' dir='ltr'>panem</span> <span class='ocrx_word' id='word_1_139' title='bbox 898 1527 996 1576; x_wconf 82' lang='lat' dir='ltr'>fieri</span> <span class='ocrx_word' id='word_1_140' title='bbox 1015 1529 1292 1578; x_wconf 80' lang='lat' dir='ltr'>arbitrantes.</span> <span class='ocrx_word' id='word_1_141' title='bbox 1322 1533 1449 1577; x_wconf 83' lang='lat' dir='ltr'>Grae-</span> 
     </span>
     <span class='ocr_line' id='line_1_20' title="bbox 165 1602 1446 1654; baseline -0.001 -2"><span class='ocrx_word' id='word_1_142' title='bbox 165 1606 208 1652; x_wconf 79' lang='lat' dir='ltr'>ci</span> <span class='ocrx_word' id='word_1_143' title='bbox 241 1606 288 1652; x_wconf 88' lang='lat' dir='ltr'>in</span> <span class='ocrx_word' id='word_1_144' title='bbox 321 1605 453 1653; x_wconf 85' lang='lat' dir='ltr'>binos</span> <span class='ocrx_word' id='word_1_145' title='bbox 491 1605 715 1654; x_wconf 88' lang='lat' dir='ltr'>semodios</span> <span class='ocrx_word' id='word_1_146' title='bbox 746 1604 902 1652; x_wconf 64' lang='lat' dir='ltr'>farinae</span> <span class='ocrx_word' id='word_1_147' title='bbox 934 1602 1033 1651; x_wconf 84' lang='lat' dir='ltr'>satis</span> <span class='ocrx_word' id='word_1_148' title='bbox 1069 1603 1153 1652; x_wconf 81' lang='lat' dir='ltr'>effe</span> <span class='ocrx_word' id='word_1_149' title='bbox 1182 1603 1320 1651; x_wconf 73' lang='lat' dir='ltr'>bess&#39;es</span> <span class='ocrx_word' id='word_1_150' title='bbox 1354 1604 1446 1651; x_wconf 90' lang='lat' dir='ltr'>fer-</span> 
     </span>
     <span class='ocr_line' id='line_1_21' title="bbox 162 1678 1445 1744; baseline -0.003 -15"><span class='ocrx_word' id='word_1_151' title='bbox 162 1680 305 1729; x_wconf 88' lang='lat' dir='ltr'>menti</span> <span class='ocrx_word' id='word_1_152' title='bbox 333 1680 611 1728; x_wconf 87' lang='lat' dir='ltr'>constituere.</span> <span class='ocrx_word' id='word_1_153' title='bbox 645 1682 701 1727; x_wconf 85' lang='lat' dir='ltr'>Et</span> <span class='ocrx_word' id='word_1_154' title='bbox 734 1679 832 1725; x_wconf 81' lang='lat' dir='ltr'>haec</span> <span class='ocrx_word' id='word_1_155' title='bbox 867 1678 1050 1744; x_wconf 87' lang='lat' dir='ltr'>quidem</span> <span class='ocrx_word' id='word_1_156' title='bbox 1085 1695 1248 1743; x_wconf 84' lang='lat' dir='ltr'>genera</span> <span class='ocrx_word' id='word_1_157' title='bbox 1279 1679 1445 1726; x_wconf 90' lang='lat' dir='ltr'>vinde-</span> 
     </span>
     <span class='ocr_line' id='line_1_22' title="bbox 164 1754 1445 1815; baseline -0.002 -14"><span class='ocrx_word' id='word_1_158' title='bbox 164 1754 266 1802; x_wconf 78' lang='lat' dir='ltr'>miis</span> <span class='ocrx_word' id='word_1_159' title='bbox 293 1766 467 1802; x_wconf 87' lang='lat' dir='ltr'>tantum</span> <span class='ocrx_word' id='word_1_160' title='bbox 495 1754 621 1800; x_wconf 85' lang='lat' dir='ltr'>fiunt.</span> <span class='ocrx_word' id='word_1_161' title='bbox 659 1755 769 1814; x_wconf 86' lang='lat' dir='ltr'>Quo</span> <span class='ocrx_word' id='word_1_162' title='bbox 803 1754 939 1799; x_wconf 89' lang='lat' dir='ltr'>libeat</span> <span class='ocrx_word' id='word_1_163' title='bbox 973 1769 1088 1799; x_wconf 89' lang='lat' dir='ltr'>vero</span> <span class='ocrx_word' id='word_1_164' title='bbox 1122 1765 1353 1815; x_wconf 85' lang='lat' dir='ltr'>tempore,</span> <span class='ocrx_word' id='word_1_165' title='bbox 1387 1770 1445 1799; x_wconf 80' lang='lat' dir='ltr'>ex</span> 
     </span>
     <span class='ocr_line' id='line_1_23' title="bbox 164 1825 1446 1889; baseline 0.001 -18"><span class='ocrx_word' id='word_1_166' title='bbox 164 1841 280 1887; x_wconf 87' lang='lat' dir='ltr'>aqua</span> <span class='ocrx_word' id='word_1_167' title='bbox 311 1825 575 1889; x_wconf 88' lang='lat' dir='ltr'>hordeoque</span> <span class='ocrx_word' id='word_1_168' title='bbox 595 1825 777 1872; x_wconf 80' lang='lat' dir='ltr'>bilibres</span> <span class='ocrx_word' id='word_1_169' title='bbox 812 1825 916 1871; x_wconf 83' lang='lat' dir='ltr'>offae</span> <span class='ocrx_word' id='word_1_170' title='bbox 954 1825 1150 1872; x_wconf 72' lang='lat' dir='ltr'>ferventi</span> <span class='ocrx_word' id='word_1_171' title='bbox 1185 1825 1294 1873; x_wconf 84' lang='lat' dir='ltr'>foco</span> <span class='ocrx_word' id='word_1_172' title='bbox 1315 1863 1329 1884; x_wconf 77' lang='lat'>‚</span> <span class='ocrx_word' id='word_1_173' title='bbox 1368 1826 1446 1872; x_wconf 90' lang='lat' dir='ltr'>vel</span> 
     </span>
     <span class='ocr_line' id='line_1_24' title="bbox 165 1895 1447 1962; baseline 0.002 -20"><span class='ocrx_word' id='word_1_174' title='bbox 165 1895 288 1942; x_wconf 70' lang='lat' dir='ltr'>fifflli</span> <span class='ocrx_word' id='word_1_175' title='bbox 327 1898 477 1959; x_wconf 86' lang='lat' dir='ltr'>patina</span> <span class='ocrx_word' id='word_1_176' title='bbox 508 1910 740 1945; x_wconf 86' lang='lat' dir='ltr'>torrentur</span> <span class='ocrx_word' id='word_1_177' title='bbox 775 1898 923 1945; x_wconf 80' lang='lat' dir='ltr'>cinere</span> <span class='ocrx_word' id='word_1_178' title='bbox 959 1900 1009 1946; x_wconf 66' lang='grc' dir='ltr'>δε</span> <span class='ocrx_word' id='word_1_179' title='bbox 1043 1900 1276 1957; x_wconf 55' lang='lat' dir='ltr'>carbone«,</span> <span class='ocrx_word' id='word_1_180' title='bbox 1307 1898 1447 1962; x_wconf 86' lang='lat' dir='ltr'>usque</span> 
     </span>
     <span class='ocr_line' id='line_1_25' title="bbox 165 1967 1446 2032; baseline 0.004 -19"><span class='ocrx_word' id='word_1_181' title='bbox 165 1967 271 2014; x_wconf 91' lang='lat' dir='ltr'>dum</span> <span class='ocrx_word' id='word_1_182' title='bbox 292 1968 492 2015; x_wconf 87' lang='lat' dir='ltr'>rubeant.</span> <span class='ocrx_word' id='word_1_183' title='bbox 513 1969 666 2016; x_wconf 88' lang='lat' dir='ltr'>Postea</span> <span class='ocrx_word' id='word_1_184' title='bbox 682 1970 948 2032; x_wconf 86' lang='lat' dir='ltr'>operiuntur</span> <span class='ocrx_word' id='word_1_185' title='bbox 969 1971 1017 2016; x_wconf 86' lang='lat' dir='ltr'>in</span> <span class='ocrx_word' id='word_1_186' title='bbox 1037 1971 1166 2029; x_wconf 80' lang='lat' dir='ltr'>vasis,</span> <span class='ocrx_word' id='word_1_187' title='bbox 1180 1971 1326 2017; x_wconf 86' lang='lat' dir='ltr'>donec</span> <span class='ocrx_word' id='word_1_188' title='bbox 1347 1988 1446 2018; x_wconf 89' lang='lat' dir='ltr'>ace-</span> 
     </span>
     <span class='ocr_line' id='line_1_26' title="bbox 168 2039 1446 2091; baseline 0.002 -4"><span class='ocrx_word' id='word_1_189' title='bbox 168 2039 318 2088; x_wconf 84' lang='lat' dir='ltr'>scant:</span> <span class='ocrx_word' id='word_1_190' title='bbox 351 2041 456 2088; x_wconf 89' lang='lat' dir='ltr'>hinc</span> <span class='ocrx_word' id='word_1_191' title='bbox 485 2041 753 2089; x_wconf 88' lang='lat' dir='ltr'>fermentum</span> <span class='ocrx_word' id='word_1_192' title='bbox 780 2043 978 2090; x_wconf 86' lang='lat' dir='ltr'>diluitur.</span> <span class='ocrx_word' id='word_1_193' title='bbox 1003 2044 1125 2089; x_wconf 86' lang='lat' dir='ltr'>Cum</span> <span class='ocrx_word' id='word_1_194' title='bbox 1144 2042 1271 2090; x_wconf 80' lang='lat' dir='ltr'>fieret</span> <span class='ocrx_word' id='word_1_195' title='bbox 1294 2055 1446 2091; x_wconf 87' lang='lat' dir='ltr'>autem</span> 
     </span>
     <span class='ocr_line' id='line_1_27' title="bbox 162 2112 1445 2178; baseline 0.003 -21"><span class='ocrx_word' id='word_1_196' title='bbox 162 2112 291 2175; x_wconf 58' lang='lat' dir='ltr'>panis</span> <span class='ocrx_word' id='word_1_197' title='bbox 326 2112 603 2162; x_wconf 82' lang='lat' dir='ltr'>hordeaceus</span> <span class='ocrx_word' id='word_1_198' title='bbox 623 2150 637 2171; x_wconf 80' lang='lat'>‚</span> <span class='ocrx_word' id='word_1_199' title='bbox 667 2115 766 2162; x_wconf 85' lang='lat' dir='ltr'>ervi</span> <span class='ocrx_word' id='word_1_200' title='bbox 799 2128 874 2161; x_wconf 88' lang='lat' dir='ltr'>aut</span> <span class='ocrx_word' id='word_1_201' title='bbox 908 2116 1141 2163; x_wconf 69' lang='lat' dir='ltr'>cicerculae</span> <span class='ocrx_word' id='word_1_202' title='bbox 1175 2115 1316 2162; x_wconf 81' lang='lat' dir='ltr'>farina</span> <span class='ocrx_word' id='word_1_203' title='bbox 1354 2115 1445 2178; x_wconf 84' lang='lat' dir='ltr'>ipse</span> 
     </span>
     <span class='ocr_line' id='line_1_28' title="bbox 166 2182 1444 2250; baseline 0.002 -20"><span class='ocrx_word' id='word_1_204' title='bbox 166 2182 542 2232; x_wconf 89' lang='lat' dir='ltr'>fermentabatur:</span> <span class='ocrx_word' id='word_1_205' title='bbox 577 2184 740 2247; x_wconf 84' lang='lat' dir='ltr'>justum</span> <span class='ocrx_word' id='word_1_206' title='bbox 781 2197 901 2245; x_wconf 85' lang='lat' dir='ltr'>erat,</span> <span class='ocrx_word' id='word_1_207' title='bbox 935 2187 1032 2233; x_wconf 82' lang='lat' dir='ltr'>duae</span> <span class='ocrx_word' id='word_1_208' title='bbox 1064 2186 1191 2234; x_wconf 87' lang='lat' dir='ltr'>librae</span> <span class='ocrx_word' id='word_1_209' title='bbox 1231 2187 1278 2235; x_wconf 88' lang='lat' dir='ltr'>in</span> <span class='ocrx_word' id='word_1_210' title='bbox 1307 2187 1444 2250; x_wconf 86' lang='lat' dir='ltr'>quin-</span> 
     </span>
     <span class='ocr_line' id='line_1_29' title="bbox 164 2256 1446 2324; baseline 0.004 -22"><span class='ocrx_word' id='word_1_211' title='bbox 164 2273 253 2321; x_wconf 86' lang='lat' dir='ltr'>que</span> <span class='ocrx_word' id='word_1_212' title='bbox 284 2256 520 2306; x_wconf 83' lang='lat' dir='ltr'>semodios.</span> <span class='ocrx_word' id='word_1_213' title='bbox 559 2259 602 2304; x_wconf 95' lang='lat' dir='ltr'>N</span> <span class='ocrx_word' id='word_1_214' title='bbox 608 2276 694 2307; x_wconf 88' lang='lat' dir='ltr'>unc</span> <span class='ocrx_word' id='word_1_215' title='bbox 723 2259 988 2307; x_wconf 82' lang='lat' dir='ltr'>fermentum</span> <span class='ocrx_word' id='word_1_216' title='bbox 1015 2259 1065 2306; x_wconf 83' lang='lat' dir='ltr'>fit</span> <span class='ocrx_word' id='word_1_217' title='bbox 1083 2278 1139 2307; x_wconf 79' lang='lat' dir='ltr'>ex</span> <span class='ocrx_word' id='word_1_218' title='bbox 1160 2259 1250 2324; x_wconf 85' lang='lat' dir='ltr'>ipsa</span> <span class='ocrx_word' id='word_1_219' title='bbox 1278 2260 1446 2321; x_wconf 85' lang='lat' dir='ltr'>farina,</span> 
     </span>
     <span class='ocr_line' id='line_1_30' title="bbox 165 2328 1445 2395; baseline 0.005 -20"><span class='ocrx_word' id='word_1_220' title='bbox 165 2347 265 2393; x_wconf 82' lang='lat' dir='ltr'>quae</span> <span class='ocrx_word' id='word_1_221' title='bbox 297 2328 512 2393; x_wconf 84' lang='lat' dir='ltr'>subigitur</span> <span class='ocrx_word' id='word_1_222' title='bbox 544 2330 666 2394; x_wconf 87' lang='lat' dir='ltr'>prius</span> <span class='ocrx_word' id='word_1_223' title='bbox 701 2349 837 2395; x_wconf 77' lang='lat' dir='ltr'>quam</span> <span class='ocrx_word' id='word_1_224' title='bbox 876 2333 1062 2380; x_wconf 81' lang='lat' dir='ltr'>addatur</span> <span class='ocrx_word' id='word_1_225' title='bbox 1101 2333 1191 2391; x_wconf 78' lang='lat' dir='ltr'>sal,</span> <span class='ocrx_word' id='word_1_226' title='bbox 1229 2333 1284 2379; x_wconf 81' lang='lat' dir='ltr'>acl</span> <span class='ocrx_word' id='word_1_227' title='bbox 1309 2333 1445 2395; x_wconf 84' lang='lat' dir='ltr'>pultis</span> 
     </span>
     <span class='ocr_line' id='line_1_31' title="bbox 162 2403 1443 2472; baseline 0.005 -24"><span class='ocrx_word' id='word_1_228' title='bbox 162 2403 349 2454; x_wconf 82' lang='lat' dir='ltr'>modum</span> <span class='ocrx_word' id='word_1_229' title='bbox 377 2403 587 2462; x_wconf 54' lang='lat' dir='ltr'>decocta,</span> <span class='ocrx_word' id='word_1_230' title='bbox 621 2406 670 2452; x_wconf 70' lang='grc' dir='ltr'>δε</span> <span class='ocrx_word' id='word_1_231' title='bbox 700 2406 849 2453; x_wconf 66' lang='grc' dir='ltr'>τεΙὶξὶει</span> <span class='ocrx_word' id='word_1_232' title='bbox 867 2443 881 2465; x_wconf 83' lang='grc'>,</span> <span class='ocrx_word' id='word_1_233' title='bbox 902 2407 1049 2454; x_wconf 88' lang='lat' dir='ltr'>donec</span> <span class='ocrx_word' id='word_1_234' title='bbox 1075 2405 1259 2454; x_wconf 84' lang='lat' dir='ltr'>acescat.</span> <span class='ocrx_word' id='word_1_235' title='bbox 1290 2408 1443 2472; x_wconf 81' lang='lat' dir='ltr'>Vulgo</span> 
     </span>
     <span class='ocr_line' id='line_1_32' title="bbox 152 2477 1444 2543; baseline 0.005 -21"><span class='ocrx_word' id='word_1_236' title='bbox 152 2495 183 2531; x_wconf 50' lang='lat' dir='ltr'>‚x</span> <span class='ocrx_word' id='word_1_237' title='bbox 201 2495 276 2524; x_wconf 86' lang='lat' dir='ltr'>ero</span> <span class='ocrx_word' id='word_1_238' title='bbox 311 2495 393 2525; x_wconf 87' lang='lat' dir='ltr'>nec</span> <span class='ocrx_word' id='word_1_239' title='bbox 426 2477 786 2527; x_wconf 70' lang='lat' dir='ltr'>lilffervefaciunt</span> <span class='ocrx_word' id='word_1_240' title='bbox 803 2517 817 2539; x_wconf 88' lang='lat'>‚</span> <span class='ocrx_word' id='word_1_241' title='bbox 845 2481 919 2529; x_wconf 86' lang='lat' dir='ltr'>sed</span> <span class='ocrx_word' id='word_1_242' title='bbox 945 2494 1117 2528; x_wconf 87' lang='lat' dir='ltr'>tantum</span> <span class='ocrx_word' id='word_1_243' title='bbox 1149 2481 1292 2543; x_wconf 87' lang='lat' dir='ltr'>pridie</span> <span class='ocrx_word' id='word_1_244' title='bbox 1312 2482 1444 2529; x_wconf 79' lang='lat' dir='ltr'>affer-</span> 
     </span>
    </p>
   </div>
  </div>
 </body>
</html>
