1653 2797
164 172 176 179 ·
229 172 317 213 144
521 154 575 197 c.
617 150 863 215 PLlNU
907 150 1278 211 SECUNDJ

220 263 362 309 modo
386 260 550 308 cubare
576 258 656 306 sub
681 276 755 317 ea,
777 258 1030 324 vinumque
1055 258 1121 305 illi
1149 258 1391 306 affundere.
1421 256 1499 304 Vi-

221 338 322 384 cina
355 336 462 382 luco
496 334 558 381 est
586 333 703 393 ilex,
733 335 782 381 &
812 333 904 398 ipsa
931 333 1096 380 nobilis
1133 346 1305 381 XXXIV
1337 333 1500 396 pedum

219 408 392 455 ambitu
420 407 614 456 caudicis
629 444 646 465 ,
674 422 707 453 Χ
732 407 912 454 arbores
945 407 1123 453 mittens
1158 406 1349 470 singulas
1377 422 1502 469 mag-

220 481 436 529 nitudinis
471 480 696 528 visendae:
725 480 972 544 silvamque
1007 479 1100 526 sola
1130 479 1250 526 facit.

294 555 435 602 XCII.
461 554 604 601 Edera
636 554 787 601 necari
823 555 1002 600 arbores
1033 566 1205 601 certum
1241 552 1315 599 est.
1351 551 1501 600 Simile

220 627 433 692 quiddam
454 628 504 673 &
535 627 582 673 in
602 626 728 672 visco
750 645 759 672 :
784 626 954 672 tametsi
982 626 1223 672 tardiorem
1253 643 1407 673 earum
1427 625 1501 672 in-

217 699 384 762 juriam
404 700 675 746 arbitrantur
696 718 706 746 :
740 716 932 762 namque
954 701 1003 747 &
1023 699 1112 745 hoc
1140 711 1301 762 praeter
1333 698 1502 745 frustus

218 773 475 837 agnoscitur
513 790 610 820 non
645 774 691 819 in
728 773 979 820 noviffimis
1018 773 1234 820 mirabile.
1281 773 1502 832 Quaedam

219 849 339 895 enim
374 849 422 895 in
445 862 562 896 terra
591 848 713 913 gigni
751 865 846 894 non
869 848 1080 911 poffunt,
1113 850 1162 896 &
1191 848 1238 894 in
1267 847 1503 895 arboribus

219 921 472 969 nascuntur.
504 922 710 984 Namque
741 937 844 967 cum
865 920 986 966 suam
1004 919 1148 966 sedem
1170 937 1263 966 non
1287 919 1502 978 habeant,

218 996 264 1042 in
287 995 430 1042 aliena
450 994 622 1041 vivunt
637 1030 651 1052 ,
677 993 788 1039 ficut
807 992 993 1041 viscum.
1017 994 1090 1039 Est
1115 996 1164 1041 &
1184 995 1232 1040 in
1249 993 1380 1058 Syria
1397 993 1503 1040 her-

218 1067 274 1114 ba
306 1084 406 1131 quae
432 1083 624 1115 vocatur
653 1067 836 1131 cadytas
856 1103 870 1124 ,
908 1083 1005 1113 non
1031 1081 1206 1113 tantum
1228 1066 1466 1114 arboribus
1487 1102 1502 1125 ‚

217 1139 292 1187 sed
313 1141 415 1203 ipsis
438 1141 572 1187 etiam
598 1139 731 1203 spinis
764 1140 1135 1186 circumvolvens
1154 1139 1255 1186 sese.
1282 1141 1395 1186 Item
1411 1138 1501 1186 cir·-

219 1231 270 1260 ca
287 1216 460 1278 Tempe
477 1213 726 1263 Thessalica
740 1249 754 1271 ‚
775 1231 874 1278 quae
893 1212 1190 1277 polypodion
1214 1225 1432 1272 vocatur,
1453 1214 1504 1260 &

218 1303 322 1349 quae
346 1286 583 1345 dolichos,
606 1304 656 1333 ac
676 1285 938 1350 serpyllum.
971 1285 1180 1332 Oleastro
1207 1301 1390 1350 quoque
1422 1285 1502 1332 de-

219 1372 381 1422 putato
404 1360 530 1425 quod
548 1359 755 1424 gignatur
768 1395 781 1418 ,
807 1370 980 1406 vocant
1000 1359 1220 1422 phaunos.
1252 1359 1396 1419 Quod
1416 1375 1501 1406 ve·-

217 1451 273 1479 ro
305 1435 352 1479 in
384 1434 506 1497 spina
541 1433 734 1480 fullonia
761 1432 1115 1496 hippophaeston
1134 1470 1148 1492 ,
1176 1433 1378 1496 capitulis
1401 1433 1501 1479 ina-

218 1508 351 1553 nibus
370 1544 383 1564 ,
409 1507 532 1554 foliis
555 1507 706 1570 parvis
724 1543 737 1565 ,
772 1507 920 1554 radice
955 1507 1054 1553 alba
1071 1543 1085 1566 ,
1117 1505 1243 1569 cujus
1270 1506 1425 1554 succus
1446 1506 1502 1553 ad

219 1581 515 1629 detractiones
560 1582 608 1628 in
650 1581 868 1630 comitiali
917 1580 1082 1627 morbo
1123 1581 1377 1628 utiliffimus
1417 1581 1501 1627 ha—

220 1656 361 1701 betur.

283 1728 445 1775 XCIII.
470 1727 593 1776 Visci
629 1728 713 1776 tria
751 1745 925 1793 genera.
961 1728 1166 1790 Namque
1197 1726 1243 1773 in
1276 1728 1420 1775 abiete
1449 1745 1500 1776 ac

219 1800 354 1848 larice
393 1802 518 1848 stelin
567 1803 676 1850 dicit
718 1803 894 1850 Euboea
935 1801 1083 1860 nasci,
1117 1802 1324 1866 hyphear
1359 1804 1500 1850 Arca-

220 1875 304 1922 dia.
343 1875 526 1923 Viscum
551 1890 702 1924 autem
724 1876 770 1922 in
803 1893 998 1941 quercu,
1022 1876 1218 1934 robore,
1250 1893 1398 1939 pruno
1425 1876 1500 1922 fil-

220 1947 383 2007 vestri,
403 1950 685 2009 terebintho,
707 1968 790 1997 nec
809 1950 902 1996 aliis
926 1949 1162 1997 arboribus
1184 1949 1382 2008 adnasci,
1404 1950 1502 2014 ple-

221 2025 359 2088 rique.
389 2025 755 2088 Copiofiffimum
790 2025 836 2072 in
869 2042 1066 2090 quercu,
1093 2025 1218 2088 quod
1237 2024 1379 2088 dryos
1408 2024 1500 2088 hy-

220 2098 358 2161 phear
394 2111 580 2145 vocant.
611 2101 660 2144 ln
700 2100 827 2146 omni
860 2099 1019 2145 arbore
1040 2135 1054 2157 ‚
1092 2109 1278 2160 excepta
1321 2096 1420 2143 ilice
1451 2099 1503 2145 &

223 2186 426 2233 quercu,
456 2169 749 2218 differentiam
783 2171 890 2218 facit
927 2171 1044 2217 odor
1075 2168 1315 2231 virusque,
1344 2171 1394 2216 &
1424 2168 1499 2215 fo-

223 2242 330 2288 lium
376 2259 470 2288 non
511 2240 698 2303 jucundi
742 2244 929 2304 odoris,
962 2256 1156 2304 utroque
1193 2243 1306 2290 visci
1345 2259 1498 2289 amaro

225 2317 272 2362 &
293 2314 431 2361 lento.
465 2315 682 2379 Hyphear
702 2316 756 2362 ad
777 2316 1014 2380 saginanda
1034 2333 1198 2379 pecora
1227 2316 1393 2362 utilius.
1420 2315 1497 2361 Vi-

225 2388 283 2433 tia
320 2387 461 2433 modo
501 2399 659 2451 purgat
698 2388 882 2450 primo:
922 2389 1023 2434 dein
1060 2388 1368 2453 pinguefacit,
1395 2389 1497 2451 quae

226 2464 432 2515 luffecere
466 2464 736 2529 purgationi,
784 2464 963 2525 Quibus
999 2464 1050 2512 sit
1083 2464 1229 2530 aliqua
1263 2463 1384 2511 tabes
1424 2463 1497 2515 in-
