1653 2797
297 151 910 202 NATUR.H18TOR.
948 150 1084 197 ΜΒ.
1126 149 1286 198 X1V.
1392 166 1447 214 25

166 275 233 309 ter
275 261 477 325 inopiam
515 258 579 307 rei
610 251 758 305 *nenio
794 257 981 306 dubitet.
1031 259 1197 305 Eadem
1227 257 1356 322 lege,
1395 275 1454 305 ex

124 335 133 342 ’
164 334 381 398 imputata
401 333 495 381 vite
518 331 645 378 libari
669 331 779 380 vina
804 330 909 390 diis,
931 330 1054 378 nefas
1083 331 1232 378 statuit
1246 367 1260 391 ,
1280 331 1456 378 ratione

131 409 135 414 ’
164 406 417 471 excogitata
432 441 446 464 ,
466 417 516 451 ut
538 416 695 467 putare
714 415 986 470 cogerentur
1002 439 1015 461 ‚
1036 404 1140 450 alias
1162 421 1355 452 aratores
1374 442 1386 461 ‚
1407 406 1458 452 Ec

165 482 280 546 pigri
305 481 424 528 circa
458 479 656 543 pericula
688 479 865 527 arbusti.
903 480 968 527 M.
996 482 1141 525 Varro
1175 481 1330 526 auctor
1363 480 1457 535 est,

164 554 441 602 Mezentium
473 553 662 600 Etruriae
695 570 849 618 regem
880 552 1099 599 auxilium
1126 553 1304 599 Rutulis
1341 570 1457 600 conu-

163 642 231 674 tra
265 627 447 674 Latinos
479 626 622 672 tuliffe
649 625 748 674 vini
779 626 982 673 mercede
1001 662 1016 685 ,
1037 625 1164 690 quod
1182 636 1279 671 tum
1304 626 1352 671 in
1370 628 1458 672 La*⁶

162 701 263 748 tino
291 717 401 765 agro
430 700 589 748 fuislet.
798 686 822 702 v

249 773 359 819 Non
400 772 562 820 licebat
600 772 647 819 id
682 772 860 819 feminis
900 773 1063 819 Romae
1098 771 1264 819 bibere.
1318 774 1457 818 Inve-

163 847 314 895 nimus
354 847 472 894 inter
509 848 739 910 exempla,
775 846 954 911 Egnatii
997 846 1192 893 Mecenii
1233 862 1456 902 uxorem,

162 919 292 984 quod
330 920 708 967 vinumrbibiff-et
752 937 775 966 e
833 918 988 977 dolio,
1029 918 1306 965 interfe&am
1351 918 1458 968 fusti

162 1010 190 1039 a
232 993 395 1041 marito
416 1029 430 1052 ‚
461 1009 656 1057 eumque
699 993 832 1040 caedis
867 1010 893 1039 a
932 992 1135 1039 Romulo
1183 991 1454 1040 absolutum.

165 1065 326 1115 Fabius
364 1067 514 1114 Pi&or
550 1066 597 1112 in
629 1067 879 1114 Annalibus
925 1066 1009 1113 suis
1050 1060 1245 1129 scriptu,
1279 1082 1453 1112 matro-

165 1154 270 1185 nam
287 1175 301 1198 ‚
332 1140 457 1203 quod
491 1138 699 1197 loculos,
720 1139 766 1184 in
793 1139 954 1204 quibus
983 1151 1108 1185 erant
1143 1138 1293 1185 claves
1317 1138 1453 1185 vina—

167 1213 245 1259 riae
286 1213 435 1271 cellae‚
470 1214 796 1278 refignaviffer,
824 1232 850 1260 a
883 1214 968 1260 suis
998 1213 1145 1259 inedia
1173 1214 1292 1259 mori
1317 1230 1455 1260 coac-

163 1297 270 1334 tam.
305 1287 450 1344 Cato,
470 1286 573 1332 ideo
594 1287 880 1351 propinquos
899 1286 1076 1334 feminis
1096 1285 1304 1333 osculum
1324 1286 1426 1332 dare
1440 1321 1456 1344 ‚

163 1372 215 1407 ut
247 1360 408 1407 scirent
441 1378 498 1407 an
531 1373 750 1408 temetum
784 1360 974 1409 olerent.
1020 1363 1123 1409 Hoc
1155 1377 1253 1408 tum
1285 1378 1458 1408 nomen

161 1433 278 1482 'vino
304 1445 429 1481 erat:
461 1434 581 1481 unde
602 1436 653 1482 &
681 1434 943 1482 temulentia
964 1434 1198 1498 appellata.
1237 1435 1324 1482 Cn.
1346 1435 1456 1481 Do-

162 1508 312 1556 mitius
346 1508 486 1572 judex
524 1509 872 1572 pronuntiavit,
904 1509 1137 1557 mulierem
1173 1509 1318 1557 videri
1351 1510 1455 1573 plus

165 1580 347 1639 bibisse,
374 1599 511 1645 quam
539 1581 808 1630 valetudinis
836 1582 987 1641 causa,
1011 1582 1114 1630 viro
1144 1582 1382 1640 insciente,
1405 1584 1456 1630 &

159 1654 271 1701 dote
302 1654 528 1703 multavit.
574 1653 765 1721 Diuque
798 1653 892 1719 ejus
924 1657 989 1703 rei
1027 1673 1187 1721 magna
1226 1656 1455 1720 parcimo-

162 1727 236 1774 nia
267 1726 366 1775 fuit.
416 1730 466 1776 L.
487 1728 686 1792 Papirius
715 1731 964 1792 Imperator
995 1729 1203 1777 adversus
1236 1728 1456 1776 Samnites

165 1799 453 1847 dimicaturus
490 1816 656 1847 votum
695 1800 829 1860 fecit,
861 1801 894 1847 fi
934 1800 1136 1860 vicifl'et,
1165 1802 1271 1849 Jovi
1304 1800 1456 1865 pocil—

165 1872 261 1918 lum
278 1873 389 1921 vini.
418 1874 634 1939 Denique
652 1875 768 1922 inter
794 1875 915 1921 dona
934 1874 1149 1922 sextarios
1175 1873 1296 1923 lactis
1326 1876 1456 1924 datos

163 1943 421 1993 invenimus
441 1983 455 2005 ‚
478 1947 701 2013 nusquam
719 1948 832 1996 vini.
854 1948 976 1995 Idem
1002 1949 1121 1996 Cato
1135 1985 1148 2007 ,
1165 1966 1268 1996 cum
1294 1949 1343 1996 in
1368 1950 1455 1996 Hi-

164 2016 363 2080 spaniam
377 2020 626 2085 navigaret,
645 2021 763 2068 unde
786 2038 890 2068 cum
907 2021 1139 2085 triumpho
1160 2022 1320 2082 rediit3
1344 2024 1455 2068 Non

167 2090 316 2150 aliud,
344 2092 518 2158 inquit,
542 2095 706 2142 vinum
737 2096 851 2154 bibi,
885 2112 1020 2160 quam
1044 2096 1259 2161 remiges:
1285 2096 1332 2142 in
1352 2109 1455 2143 tan-

166 2176 263 2210 tum
295 2165 506 2215 diffimilis
534 2167 647 2227 istis,
679 2170 755 2233 qui
782 2170 916 2217 etiam
945 2169 1161 2218 convivis
1189 2170 1296 2229 alia,
1321 2187 1455 2234 quam

165 2238 440 2304 fibimetipfis
456 2277 470 2301 ‚
490 2242 765 2303 ministrant,
788 2255 863 2290 aut
891 2243 1164 2307 procedente
1183 2243 1334 2290 mensa
1350 2242 1454 2289 sub·-

165 2323 340 2374 Jiclunt.
1067 2367 1073 2371 ¹

231 2388 336 2434 XV.
371 2387 622 2434 Lautiffima
651 2389 770 2453 apud
801 2389 972 2453 priscos
998 2391 1107 2437 vina
1140 2403 1292 2447 erant,
1323 2403 1455 2454 myr-

166 2459 258 2506 rhae
295 2460 685 2522 odore-condita,
717 2474 768 2509 ut
795 2479 978 2527 apparet
1013 2465 1060 2511 in
1093 2463 1238 2511 Plauti
1272 2463 1454 2522 fabula,
