1653 2797
260 165 541 213 NATUR.
576 163 886 212 HISTOR.
930 167 1064 214 LIB.
1098 168 1282 215 XVII.
1360 185 1444 231 177

165 288 222 318 ne
251 273 465 337 obliqua,
502 258 874 319 ne'translucens.
905 273 1124 337 Virgilius
1157 293 1214 322 ex
1247 277 1445 324 cacumi-

110 402 119 413 κ
165 363 222 392 ne
252 345 384 393 inseri
411 355 546 393 vetat.
578 344 854 411 Certumque
884 344 974 401 est,
1009 347 1063 391 ab
1092 347 1286 394 humeris
1309 348 1446 395 arbo-

166 436 268 465 rum
304 419 526 465 orientem
563 415 769 463 aestivum
800 414 1096 478 fiJe&antil)iis
1127 419 1330 467 surculos
1367 438 1448 483 pe-

155 491 353 548 tendos,
385 491 433 536 δέ
455 505 478 534 e
500 486 723 534 feracibus
744 523 759 546 ‚
780 487 830 534 &
859 504 882 533 e
909 488 1107 551 germine
1136 492 1353 550 novello,
1375 494 1448 539 ni-

163 561 196 608 s1
228 559 413 608 vetustae
448 558 600 606 arbori
637 558 917 606 inserantur:
953 559 985 605 ii
1021 559 1141 606 enim
1175 562 1450 611 robustiores

163 633 248 680 effe
280 632 456 683 debent.
478 633 694 679 Praeterea
722 643 772 678 ut
788 643 1093 696 praegnantes,
1114 633 1206 680 hoc
1236 634 1320 694 est,
1345 654 1447 699 ger-

160 705 410 753 minatione
441 717 666 768 turgentes
681 741 696 764 ‚
719 706 770 752 &
793 706 872 769 qui
892 723 1046 768 parere
1065 706 1145 753 illo
1169 707 1448 770 speraverint

151 796 298 839 anno.
331 777 444 824 Eimi
472 778 656 841 utique,
691 794 774 824 nec
802 778 1036 826 tenuiores
1065 780 1207 843 digito
1241 781 1448 829 minimo.

162 850 418 897 Inseruntur
437 863 583 896 autem
601 851 652 896 &
672 848 838 897 inversi
851 886 865 908 ‚
905 868 1005 898 cum
1024 851 1069 897 id
1085 852 1231 915 agitur
1250 888 1264 911 ,
1296 864 1344 899 ut
1361 856 1449 901 mi·

164 939 252 969 nor
268 923 458 969 altitudo
477 923 525 968 in
554 921 836 967 latitudinem
863 920 905 966 se
938 920 1109 969 fundat.
1142 925 1258 968 Ante
1289 926 1445 972 omnia

165 1006 437 1060 gemmantes
469 995 610 1041 nitere
640 993 912 1051 conveniet,
943 993 1054 1040 nihil
1080 994 1262 1058 usquam
1286 997 1446 1045 hulce-

161 1066 317 1113 rosum
336 1067 440 1126 esse,
460 1079 534 1113 aut
551 1066 838 1112 retorridum.
861 1066 963 1128 Spei
979 1064 1102 1113 favet
1116 1066 1311 1114 medulla
1333 1069 1446 1115 cala-

159 1139 221 1186 mi
254 1139 548 1187 commiffurae
565 1175 578 1197 ‚
602 1139 634 1184 fi
664 1139 710 1185 in
740 1151 879 1185 matre
906 1138 1016 1201 ligni
1045 1138 1315 1203 corticisque
1339 1139 1446 1202 jun-

159 1226 299 1277 gatur.
334 1215 380 1259 ld
411 1214 531 1259 enim
567 1212 699 1259 satius
718 1248 731 1271 ,
759 1229 891 1276 quam
919 1211 1031 1259 foris
1067 1213 1230 1259 cortici
1260 1215 1443 1278 aequari.

159 1286 331 1333 Calami
355 1286 567 1333 exacutio
591 1285 831 1331 medullam
860 1301 914 1331 ne
940 1285 1090 1331 nudet.
1122 1285 1272 1332 Tenui
1293 1300 1442 1335 tamen

159 1357 304 1407 fistula
331 1358 528 1422 detegat,
553 1370 605 1404 ut
636 1357 854 1422 fastigatio
884 1357 991 1404 laevi
1020 1356 1252 1405 descendat
1270 1376 1441 1418 cuneo,

159 1432 302 1478 tribus
321 1468 335 1490 ,
367 1448 463 1476 non
496 1431 717 1494 ampliore
745 1430 908 1494 digitis.
936 1430 1078 1489 Quod
1101 1429 1311 1476 facillime
1331 1447 1442 1477 con«

158 1505 318 1569 tingit,
340 1504 525 1550 tinctum
562 1520 677 1568 aqua
706 1503 978 1549 radentibus.
1020 1504 1089 1548 Ne
1118 1515 1361 1549 exacuatur
1394 1503 1442 1549 in

157 1588 300 1624 vento
317 1611 330 1634 ‚
349 1593 431 1622 nec
462 1587 621 1622 cortex
649 1592 673 1621 a
695 1574 819 1638 ligno
842 1575 1027 1621 decedat
1054 1574 1270 1620 alterutri.
1309 1575 1439 1621 Caia-

157 1666 255 1696 mus
275 1649 329 1696 ad
357 1650 572 1696 corticem
596 1648 736 1714 usque
757 1649 882 1695 suum
903 1648 1192 1711 deprimatur.
1218 1649 1288 1693 Ne
1305 1647 1436 1694 luxe-

156 1734 230 1770 tur
252 1723 359 1769 dum
378 1722 673 1786 deprimitur:
703 1734 821 1770 neve
840 1733 999 1769 cortex
1026 1721 1268 1784 replicetur
1297 1720 1343 1766 iu
1363 1737 1436 1767 ru-

155 1813 242 1860 gas.
269 1797 374 1842 Ideo
408 1796 689 1843 lacrimantes
723 1794 918 1843 calamos
944 1793 1074 1840 inseri
1100 1811 1196 1840 non
1224 1805 1434 1856 oportet,

157 1885 253 1914 non
281 1867 460 1914 hercule
483 1868 651 1931 magis,
679 1885 812 1932 quam
844 1868 1019 1914 aridos:
1054 1867 1157 1931 quia
1184 1866 1264 1913 illo
1292 1869 1434 1914 modo

158 1940 274 1986 labat
313 1940 503 1986 humore
533 1940 677 1986 nimio
719 1951 902 1986 cortex:
935 1940 1022 1987 hoc
1045 1977 1059 1996 ,
1093 1939 1223 1986 vitali
1263 1939 1435 1986 defeetu

159 2030 254 2060 non
283 2013 525 2071 hun-escit,
552 2031 705 2077 neque·
725 2026 1100 2077 concorporatur.
1131 2013 1179 2059 Id
1203 2013 1335 2060 etiam
1360 2031 1433 2060 re-

157 2086 338 2150 ligionis
372 2086 580 2145 servant,
617 2099 666 2133 ut
693 2089 818 2134 Luna
856 2086 1113 2146 crescente,
1149 2098 1200 2135 ut
1243 2086 1432 2134 calamus

154 2172 340 2224 utraque
361 2160 630 2223 deprimatur
657 2177 803 2207 manu.
839 2162 894 2206 Et
914 2159 1086 2224 alioqui
1109 2159 1156 2206 in
1180 2159 1271 2206 hoc
1292 2176 1431 2222 opere

154 2234 252 2279 duae
276 2227 405 2280 timul
428 2251 584 2281 manus
611 2235 760 2280 minus
788 2233 1017 2291 nituntur,
1049 2233 1292 2279 necessario
1316 2247 1428 2279 tem-

151 2318 427 2368 peramento.
463 2306 659 2352 Validius
688 2305 808 2352 enim
845 2305 1012 2351 demiffi
1041 2305 1209 2352 tardius
1250 2304 1430 2363 ferunt,

151 2379 311 2426 fortius
339 2380 498 2426 durant
528 2380 768 2439 contrarii,
798 2397 854 2426 ex
882 2379 1076 2426 diverso.
1103 2381 1173 2425 Ne
1200 2378 1335 2425 hiscat
1351 2381 1428 2426 ‘ni-

150 2454 291 2501 mium
325 2454 459 2511 rima,
497 2453 687 2518 laxeque
734 2454 909 2517 capiat,
948 2466 1022 2500 aut
1064 2470 1119 2500 ne
1152 2470 1337 2516 parum:
1377 2455 1427 2501 &

212 2530 254 2573 C.
274 2530 388 2574 Plin.
418 2531 514 2575 Vol.
540 2527 626 2574 III.
854 2529 880 2552 ἥ
1123 2528 1173 2572 Μ
