<?xml version="1.0" encoding="UTF-8"?>
<!DOCTYPE html PUBLIC "-//W3C//DTD XHTML 1.0 Transitional//EN"
    "http://www.w3.org/TR/xhtml1/DTD/xhtml1-transitional.dtd">
<html xmlns="http://www.w3.org/1999/xhtml" xml:lang="en" lang="en">
 <head>
  <title>
</title>
<meta http-equiv="Content-Type" content="text/html;charset=utf-8" />
  <meta name='ocr-system' content='tesseract 3.04.00' />
  <meta name='ocr-capabilities' content='ocr_page ocr_carea ocr_par ocr_line ocrx_word'/>
</head>
<body>
  <div class='ocr_page' id='page_1' title='image "./caiipliniisecund03plinuoft_0300.png"; bbox 0 0 1653 2797; ppageno 0'>
   <div class='ocr_carea' id='block_1_1' title="bbox 235 189 1279 269">
    <p class='ocr_par' dir='ltr' id='par_1_1' title="bbox 235 189 1279 269">
     <span class='ocr_line' id='line_1_1' title="bbox 235 189 1279 269; baseline -0.006 -17"><span class='ocrx_word' id='word_1_1' title='bbox 235 215 331 269; x_wconf 81' lang='lat'><strong>292</strong></span> <span class='ocrx_word' id='word_1_2' title='bbox 484 189 1279 250; x_wconf 63' lang='lat' dir='ltr'>C.PL1NIISECUND1‘</span> 
     </span>
    </p>
   </div>
   <div class='ocr_carea' id='block_1_2' title="bbox 237 307 1559 2558">
    <p class='ocr_par' dir='ltr' id='par_1_2' title="bbox 237 307 1524 590">
     <span class='ocr_line' id='line_1_2' title="bbox 237 307 1522 372; baseline -0.005 -14"><span class='ocrx_word' id='word_1_3' title='bbox 237 312 390 358; x_wconf 83' lang='lat' dir='ltr'><strong>tutino</strong></span> <span class='ocrx_word' id='word_1_4' title='bbox 429 309 594 357; x_wconf 84' lang='lat' dir='ltr'><strong>Caesari</strong></span> <span class='ocrx_word' id='word_1_5' title='bbox 626 309 919 372; x_wconf 77' lang='lat' dir='ltr'><strong>immergitur.</strong></span> <span class='ocrx_word' id='word_1_6' title='bbox 957 323 1053 354; x_wconf 81' lang='lat' dir='ltr'><strong>vm</strong></span> <span class='ocrx_word' id='word_1_7' title='bbox 1081 308 1181 355; x_wconf 82' lang='lat' dir='ltr'><strong>Idus</strong></span> <span class='ocrx_word' id='word_1_8' title='bbox 1214 309 1328 370; x_wconf 83' lang='lat' dir='ltr'><strong>Aug.</strong></span> <span class='ocrx_word' id='word_1_9' title='bbox 1360 307 1522 354; x_wconf 58' lang='lat' dir='ltr'><strong>Aretu-</strong></span> 
     </span>
     <span class='ocr_line' id='line_1_3' title="bbox 238 379 1522 430; baseline -0.003 0"><span class='ocrx_word' id='word_1_10' title='bbox 238 401 312 430; x_wconf 86' lang='lat' dir='ltr'><strong>rus</strong></span> <span class='ocrx_word' id='word_1_11' title='bbox 334 383 506 430; x_wconf 85' lang='lat' dir='ltr'><strong>medius</strong></span> <span class='ocrx_word' id='word_1_12' title='bbox 527 383 696 430; x_wconf 85' lang='lat' dir='ltr'><strong>occidit</strong></span> <span class='ocrx_word' id='word_1_13' title='bbox 714 398 725 426; x_wconf 74' lang='lat' dir='ltr'>t</span> <span class='ocrx_word' id='word_1_14' title='bbox 745 397 802 428; x_wconf 89' lang='lat'><strong>111</strong></span> <span class='ocrx_word' id='word_1_15' title='bbox 829 382 926 429; x_wconf 80' lang='lat' dir='ltr'><strong>Idus</strong></span> <span class='ocrx_word' id='word_1_16' title='bbox 947 381 1145 428; x_wconf 80' lang='lat' dir='ltr'>Fidicula</span> <span class='ocrx_word' id='word_1_17' title='bbox 1163 380 1327 428; x_wconf 89' lang='lat' dir='ltr'><strong>occasu</strong></span> <span class='ocrx_word' id='word_1_18' title='bbox 1347 379 1427 426; x_wconf 91' lang='lat' dir='ltr'><strong>suo</strong></span> <span class='ocrx_word' id='word_1_19' title='bbox 1444 397 1522 426; x_wconf 89' lang='lat' dir='ltr'><strong>au·</strong></span> 
     </span>
     <span class='ocr_line' id='line_1_4' title="bbox 237 454 1524 514; baseline -0.002 -11"><span class='ocrx_word' id='word_1_20' title='bbox 237 469 448 504; x_wconf 81' lang='lat' dir='ltr'><strong>tumnum</strong></span> <span class='ocrx_word' id='word_1_21' title='bbox 485 457 698 514; x_wconf 80' lang='lat' dir='ltr'>inchoat,</span> <span class='ocrx_word' id='word_1_22' title='bbox 738 456 804 501; x_wconf 85' lang='lat' dir='ltr'><strong>uti</strong></span> <span class='ocrx_word' id='word_1_23' title='bbox 828 456 863 501; x_wconf 87' lang='lat' dir='ltr'><strong>is</strong></span> <span class='ocrx_word' id='word_1_24' title='bbox 885 456 1099 502; x_wconf 82' lang='lat' dir='ltr'><strong>adnotat:</strong></span> <span class='ocrx_word' id='word_1_25' title='bbox 1138 454 1213 501; x_wconf 82' lang='lat' dir='ltr'><strong>sed</strong></span> <span class='ocrx_word' id='word_1_26' title='bbox 1238 469 1288 502; x_wconf 88' lang='lat' dir='ltr'><strong>ut</strong></span> <span class='ocrx_word' id='word_1_27' title='bbox 1311 470 1420 502; x_wconf 83' lang='lat' dir='ltr'><strong>vera</strong></span> <span class='ocrx_word' id='word_1_28' title='bbox 1451 472 1524 501; x_wconf 87' lang='lat' dir='ltr'><strong>ra-</strong></span> 
     </span>
     <span class='ocr_line' id='line_1_5' title="bbox 238 527 1254 590; baseline -0.002 -13"><span class='ocrx_word' id='word_1_29' title='bbox 238 532 306 578; x_wconf 71' lang='lat' dir='ltr'><strong>tio</strong></span> <span class='ocrx_word' id='word_1_30' title='bbox 343 531 390 577; x_wconf 87' lang='lat' dir='ltr'><strong>id</strong></span> <span class='ocrx_word' id='word_1_31' title='bbox 414 529 511 576; x_wconf 86' lang='lat' dir='ltr'><strong>fieri</strong></span> <span class='ocrx_word' id='word_1_32' title='bbox 534 530 737 587; x_wconf 82' lang='lat' dir='ltr'><strong>invenit,</strong></span> <span class='ocrx_word' id='word_1_33' title='bbox 773 529 899 575; x_wconf 83' lang='lat' dir='ltr'><strong>sexto</strong></span> <span class='ocrx_word' id='word_1_34' title='bbox 920 529 1018 574; x_wconf 86' lang='lat' dir='ltr'><strong>Idus</strong></span> <span class='ocrx_word' id='word_1_35' title='bbox 1045 527 1254 590; x_wconf 74' lang='lat' dir='ltr'><strong>ejusdem.</strong></span> 
     </span>
    </p>

    <p class='ocr_par' dir='ltr' id='par_1_3' title="bbox 237 600 1559 2558">
     <span class='ocr_line' id='line_1_6' title="bbox 309 600 1523 664; baseline -0.002 -15"><span class='ocrx_word' id='word_1_36' title='bbox 309 618 349 664; x_wconf 77' lang='lat'><strong>3.</strong></span> <span class='ocrx_word' id='word_1_37' title='bbox 381 605 430 648; x_wconf 88' lang='lat' dir='ltr'><strong>In</strong></span> <span class='ocrx_word' id='word_1_38' title='bbox 456 602 546 649; x_wconf 89' lang='lat' dir='ltr'><strong>hoc</strong></span> <span class='ocrx_word' id='word_1_39' title='bbox 576 601 793 664; x_wconf 77' lang='lat' dir='ltr'><strong>temporis</strong></span> <span class='ocrx_word' id='word_1_40' title='bbox 819 600 1064 646; x_wconf 77' lang='lat' dir='ltr'><strong>intervallo</strong></span> <span class='ocrx_word' id='word_1_41' title='bbox 1081 617 1151 647; x_wconf 85' lang='lat' dir='ltr'><strong>res</strong></span> <span class='ocrx_word' id='word_1_42' title='bbox 1169 600 1340 648; x_wconf 83' lang='lat' dir='ltr'><strong>summa</strong></span> <span class='ocrx_word' id='word_1_43' title='bbox 1359 600 1523 648; x_wconf 87' lang='lat' dir='ltr'><strong>vitium</strong></span> 
     </span>
     <span class='ocr_line' id='line_1_7' title="bbox 240 672 1525 739; baseline -0.002 -18"><span class='ocrx_word' id='word_1_44' title='bbox 240 675 415 739; x_wconf 81' lang='lat' dir='ltr'><strong>agitur,</strong></span> <span class='ocrx_word' id='word_1_45' title='bbox 447 674 705 721; x_wconf 86' lang='lat' dir='ltr'><strong>decretorio</strong></span> <span class='ocrx_word' id='word_1_46' title='bbox 739 672 840 718; x_wconf 71' lang='lat' dir='ltr'><strong>uvIs</strong></span> <span class='ocrx_word' id='word_1_47' title='bbox 870 672 1008 718; x_wconf 83' lang='lat' dir='ltr'><strong>fidere</strong></span> <span class='ocrx_word' id='word_1_48' title='bbox 1035 672 1116 718; x_wconf 85' lang='lat' dir='ltr'><strong>illo</strong></span> <span class='ocrx_word' id='word_1_49' title='bbox 1134 708 1148 730; x_wconf 81' lang='lat'>‚</span> <span class='ocrx_word' id='word_1_50' title='bbox 1178 674 1301 736; x_wconf 84' lang='lat' dir='ltr'><strong>quod</strong></span> <span class='ocrx_word' id='word_1_51' title='bbox 1325 672 1525 720; x_wconf 82' lang='lat' dir='ltr'><strong>Canicu—</strong></span> 
     </span>
     <span class='ocr_line' id='line_1_8' title="bbox 240 743 1526 809; baseline -0.002 -15"><span class='ocrx_word' id='word_1_52' title='bbox 240 748 331 795; x_wconf 81' lang='lat' dir='ltr'><strong>lam</strong></span> <span class='ocrx_word' id='word_1_53' title='bbox 352 746 689 809; x_wconf 71' lang='lat' dir='ltr'>appellavimus.</span> <span class='ocrx_word' id='word_1_54' title='bbox 720 744 851 790; x_wconf 84' lang='lat' dir='ltr'><strong>Unde</strong></span> <span class='ocrx_word' id='word_1_55' title='bbox 873 743 1191 790; x_wconf 80' lang='lat' dir='ltr'><strong>carbunculare</strong></span> <span class='ocrx_word' id='word_1_56' title='bbox 1218 745 1426 792; x_wconf 88' lang='lat' dir='ltr'><strong>dicuntur</strong></span> <span class='ocrx_word' id='word_1_57' title='bbox 1441 780 1454 804; x_wconf 79' lang='lat'>‚</span> <span class='ocrx_word' id='word_1_58' title='bbox 1476 759 1526 791; x_wconf 85' lang='lat' dir='ltr'><strong>ut</strong></span> 
     </span>
     <span class='ocr_line' id='line_1_9' title="bbox 238 815 1524 885; baseline -0.002 -18"><span class='ocrx_word' id='word_1_59' title='bbox 238 821 441 885; x_wconf 82' lang='lat' dir='ltr'><strong>quodam</strong></span> <span class='ocrx_word' id='word_1_60' title='bbox 469 818 666 865; x_wconf 76' lang='lat' dir='ltr'><strong>uredinis</strong></span> <span class='ocrx_word' id='word_1_61' title='bbox 687 817 882 863; x_wconf 76' lang='lat' dir='ltr'><strong>carbone</strong></span> <span class='ocrx_word' id='word_1_62' title='bbox 906 815 1085 862; x_wconf 77' lang='lat' dir='ltr'><strong>exustae.</strong></span> <span class='ocrx_word' id='word_1_63' title='bbox 1122 816 1232 862; x_wconf 90' lang='lat' dir='ltr'><strong>Non</strong></span> <span class='ocrx_word' id='word_1_64' title='bbox 1253 834 1524 880; x_wconf 77' lang='lat' dir='ltr'><strong>comparan-</strong></span> 
     </span>
     <span class='ocr_line' id='line_1_10' title="bbox 239 888 1524 953; baseline -0.004 -13"><span class='ocrx_word' id='word_1_65' title='bbox 239 906 315 940; x_wconf 81' lang='lat' dir='ltr'><strong>tur</strong></span> <span class='ocrx_word' id='word_1_66' title='bbox 346 893 449 939; x_wconf 87' lang='lat' dir='ltr'><strong>huic</strong></span> <span class='ocrx_word' id='word_1_67' title='bbox 484 890 605 937; x_wconf 88' lang='lat' dir='ltr'><strong>malo</strong></span> <span class='ocrx_word' id='word_1_68' title='bbox 628 889 885 952; x_wconf 73' lang='lat' dir='ltr'><strong>grandines,</strong></span> <span class='ocrx_word' id='word_1_69' title='bbox 914 888 1151 951; x_wconf 83' lang='lat' dir='ltr'><strong>procellae,</strong></span> <span class='ocrx_word' id='word_1_70' title='bbox 1184 905 1376 953; x_wconf 83' lang='lat' dir='ltr'><strong>quaeque</strong></span> <span class='ocrx_word' id='word_1_71' title='bbox 1404 907 1524 936; x_wconf 88' lang='lat' dir='ltr'><strong>nun-</strong></span> 
     </span>
     <span class='ocr_line' id='line_1_11' title="bbox 237 962 1559 1030; baseline -0.001 -18"><span class='ocrx_word' id='word_1_72' title='bbox 237 983 375 1030; x_wconf 86' lang='lat' dir='ltr'><strong>quam</strong></span> <span class='ocrx_word' id='word_1_73' title='bbox 397 980 592 1019; x_wconf 79' lang='lat' dir='ltr'><strong>annonae</strong></span> <span class='ocrx_word' id='word_1_74' title='bbox 620 963 810 1009; x_wconf 82' lang='lat' dir='ltr'><strong>intulere</strong></span> <span class='ocrx_word' id='word_1_75' title='bbox 831 962 1074 1010; x_wconf 80' lang='lat' dir='ltr'><strong>caritatem.</strong></span> <span class='ocrx_word' id='word_1_76' title='bbox 1099 963 1329 1026; x_wconf 80' lang='lat' dir='ltr'><strong>Agrorum</strong></span> <span class='ocrx_word' id='word_1_77' title='bbox 1361 964 1526 1027; x_wconf 80' lang='lat' dir='ltr'><strong>quippe</strong></span> <span class='ocrx_word' id='word_1_78' title='bbox 1556 1024 1559 1026; x_wconf 15' lang='lat' dir='ltr'><strong>q</strong></span> 
     </span>
     <span class='ocr_line' id='line_1_12' title="bbox 241 1035 1524 1099; baseline -0.001 -14"><span class='ocrx_word' id='word_1_79' title='bbox 241 1039 359 1086; x_wconf 83' lang='lat' dir='ltr'><strong>mala</strong></span> <span class='ocrx_word' id='word_1_80' title='bbox 387 1037 486 1083; x_wconf 87' lang='lat' dir='ltr'><strong>sunt</strong></span> <span class='ocrx_word' id='word_1_81' title='bbox 517 1036 619 1083; x_wconf 86' lang='lat' dir='ltr'><strong>illa:</strong></span> <span class='ocrx_word' id='word_1_82' title='bbox 660 1035 962 1083; x_wconf 79' lang='lat' dir='ltr'><strong>carbunculus</strong></span> <span class='ocrx_word' id='word_1_83' title='bbox 994 1047 1140 1081; x_wconf 86' lang='lat' dir='ltr'><strong>autem</strong></span> <span class='ocrx_word' id='word_1_84' title='bbox 1168 1036 1407 1099; x_wconf 84' lang='lat' dir='ltr'><strong>regionum</strong></span> <span class='ocrx_word' id='word_1_85' title='bbox 1437 1037 1524 1084; x_wconf 85' lang='lat' dir='ltr'><strong>late</strong></span> 
     </span>
     <span class='ocr_line' id='line_1_13' title="bbox 242 1109 1528 1175; baseline -0.001 -17"><span class='ocrx_word' id='word_1_86' title='bbox 242 1112 494 1175; x_wconf 87' lang='lat' dir='ltr'><strong>patentium</strong></span> <span class='ocrx_word' id='word_1_87' title='bbox 515 1146 529 1169; x_wconf 82' lang='lat'>,</span> <span class='ocrx_word' id='word_1_88' title='bbox 556 1127 651 1156; x_wconf 88' lang='lat' dir='ltr'><strong>non</strong></span> <span class='ocrx_word' id='word_1_89' title='bbox 687 1109 860 1156; x_wconf 78' lang='lat' dir='ltr'><strong>difficili</strong></span> <span class='ocrx_word' id='word_1_90' title='bbox 890 1109 1117 1167; x_wconf 80' lang='lat' dir='ltr'><strong>remedio,</strong></span> <span class='ocrx_word' id='word_1_91' title='bbox 1155 1109 1235 1155; x_wconf 84' lang='lat' dir='ltr'><strong>nifi</strong></span> <span class='ocrx_word' id='word_1_92' title='bbox 1267 1109 1528 1157; x_wconf 89' lang='lat' dir='ltr'><strong>calumniari</strong></span> 
     </span>
     <span class='ocr_line' id='line_1_14' title="bbox 243 1182 1526 1245; baseline -0.002 -14"><span class='ocrx_word' id='word_1_93' title='bbox 243 1197 451 1231; x_wconf 85' lang='lat' dir='ltr'><strong>naturam</strong></span> <span class='ocrx_word' id='word_1_94' title='bbox 471 1201 624 1230; x_wconf 88' lang='lat' dir='ltr'><strong>rerum</strong></span> <span class='ocrx_word' id='word_1_95' title='bbox 644 1182 850 1228; x_wconf 88' lang='lat' dir='ltr'><strong>homines</strong></span> <span class='ocrx_word' id='word_1_96' title='bbox 865 1218 878 1239; x_wconf 82' lang='lat'>,</span> <span class='ocrx_word' id='word_1_97' title='bbox 899 1199 1032 1245; x_wconf 90' lang='lat' dir='ltr'><strong>quam</strong></span> <span class='ocrx_word' id='word_1_98' title='bbox 1061 1182 1141 1228; x_wconf 80' lang='lat' dir='ltr'><strong>fibi</strong></span> <span class='ocrx_word' id='word_1_99' title='bbox 1164 1182 1366 1245; x_wconf 83' lang='lat' dir='ltr'><strong>prodeffe</strong></span> <span class='ocrx_word' id='word_1_100' title='bbox 1380 1219 1394 1242; x_wconf 87' lang='lat'>‚</span> <span class='ocrx_word' id='word_1_101' title='bbox 1412 1183 1526 1229; x_wconf 89' lang='lat' dir='ltr'><strong>mal-</strong></span> 
     </span>
     <span class='ocr_line' id='line_1_15' title="bbox 242 1256 1527 1320; baseline 0 -16"><span class='ocrx_word' id='word_1_102' title='bbox 242 1257 354 1305; x_wconf 85' lang='lat' dir='ltr'><strong>lent.</strong></span> <span class='ocrx_word' id='word_1_103' title='bbox 384 1261 550 1305; x_wconf 89' lang='lat' dir='ltr'><strong>Ferunt</strong></span> <span class='ocrx_word' id='word_1_104' title='bbox 585 1257 904 1304; x_wconf 86' lang='lat' dir='ltr'><strong>Democritum</strong></span> <span class='ocrx_word' id='word_1_105' title='bbox 921 1286 944 1313; x_wconf 85' lang='lat'><strong>‚-</strong></span> <span class='ocrx_word' id='word_1_106' title='bbox 968 1256 1046 1320; x_wconf 89' lang='lat' dir='ltr'><strong>qui</strong></span> <span class='ocrx_word' id='word_1_107' title='bbox 1080 1256 1250 1318; x_wconf 87' lang='lat' dir='ltr'><strong>primus</strong></span> <span class='ocrx_word' id='word_1_108' title='bbox 1276 1257 1527 1318; x_wconf 79' lang='lat' dir='ltr'><strong>intellexit,</strong></span> 
     </span>
     <span class='ocr_line' id='line_1_16' title="bbox 243 1324 1527 1394; baseline -0.001 -16"><span class='ocrx_word' id='word_1_109' title='bbox 243 1331 530 1394; x_wconf 84' lang='lat' dir='ltr'><strong>ostenditque</strong></span> <span class='ocrx_word' id='word_1_110' title='bbox 559 1347 665 1376; x_wconf 91' lang='lat' dir='ltr'><strong>cum</strong></span> <span class='ocrx_word' id='word_1_111' title='bbox 691 1324 822 1376; x_wconf 81' lang='lat' dir='ltr'><strong>terris</strong></span> <span class='ocrx_word' id='word_1_112' title='bbox 843 1328 941 1376; x_wconf 82' lang='lat' dir='ltr'><strong>caeli</strong></span> <span class='ocrx_word' id='word_1_113' title='bbox 964 1329 1247 1388; x_wconf 87' lang='lat' dir='ltr'><strong>societatem,</strong></span> <span class='ocrx_word' id='word_1_114' title='bbox 1278 1328 1527 1392; x_wconf 88' lang='lat' dir='ltr'><strong>spernenti—</strong></span> 
     </span>
     <span class='ocr_line' id='line_1_17' title="bbox 241 1401 1528 1467; baseline 0 -17"><span class='ocrx_word' id='word_1_115' title='bbox 241 1404 329 1452; x_wconf 86' lang='lat' dir='ltr'><strong>bus</strong></span> <span class='ocrx_word' id='word_1_116' title='bbox 361 1403 478 1448; x_wconf 87' lang='lat' dir='ltr'><strong>hanc</strong></span> <span class='ocrx_word' id='word_1_117' title='bbox 508 1419 661 1448; x_wconf 86' lang='lat' dir='ltr'><strong>curam</strong></span> <span class='ocrx_word' id='word_1_118' title='bbox 686 1401 781 1465; x_wconf 82' lang='lat' dir='ltr'><strong>ejus</strong></span> <span class='ocrx_word' id='word_1_119' title='bbox 809 1401 1149 1464; x_wconf 86' lang='lat' dir='ltr'><strong>opulentiffimis</strong></span> <span class='ocrx_word' id='word_1_120' title='bbox 1183 1402 1385 1461; x_wconf 84' lang='lat' dir='ltr'><strong>civium,</strong></span> <span class='ocrx_word' id='word_1_121' title='bbox 1416 1420 1528 1467; x_wconf 81' lang='lat' dir='ltr'><strong>proe-</strong></span> 
     </span>
     <span class='ocr_line' id='line_1_18' title="bbox 245 1474 1530 1540; baseline 0 -17"><span class='ocrx_word' id='word_1_122' title='bbox 245 1475 344 1524; x_wconf 85' lang='lat' dir='ltr'><strong>visa</strong></span> <span class='ocrx_word' id='word_1_123' title='bbox 374 1474 467 1522; x_wconf 89' lang='lat' dir='ltr'><strong>olei</strong></span> <span class='ocrx_word' id='word_1_124' title='bbox 495 1475 678 1522; x_wconf 88' lang='lat' dir='ltr'><strong>caritate</strong></span> <span class='ocrx_word' id='word_1_125' title='bbox 704 1491 761 1521; x_wconf 86' lang='lat' dir='ltr'><strong>ex</strong></span> <span class='ocrx_word' id='word_1_126' title='bbox 780 1474 937 1520; x_wconf 87' lang='lat' dir='ltr'><strong>futuro</strong></span> <span class='ocrx_word' id='word_1_127' title='bbox 958 1474 1260 1539; x_wconf 80' lang='lat' dir='ltr'><strong>Vergiliarum</strong></span> <span class='ocrx_word' id='word_1_128' title='bbox 1286 1487 1419 1535; x_wconf 83' lang='lat' dir='ltr'><strong>ortu,</strong></span> <span class='ocrx_word' id='word_1_129' title='bbox 1441 1494 1530 1540; x_wconf 89' lang='lat' dir='ltr'><strong>qua</strong></span> 
     </span>
     <span class='ocr_line' id='line_1_19' title="bbox 245 1547 1529 1613; baseline 0.002 -19"><span class='ocrx_word' id='word_1_130' title='bbox 245 1547 442 1595; x_wconf 83' lang='lat' dir='ltr'><strong>diximus</strong></span> <span class='ocrx_word' id='word_1_131' title='bbox 463 1548 665 1603; x_wconf 79' lang='lat' dir='ltr'><strong>ratione,</strong></span> <span class='ocrx_word' id='word_1_132' title='bbox 693 1547 1060 1611; x_wconf 86' lang='lat' dir='ltr'><strong>ostendemusque</strong></span> <span class='ocrx_word' id='word_1_133' title='bbox 1077 1547 1167 1609; x_wconf 75' lang='lat' dir='ltr'><strong>jam</strong></span> <span class='ocrx_word' id='word_1_134' title='bbox 1184 1548 1382 1611; x_wconf 85' lang='lat' dir='ltr'><strong>plenius,</strong></span> <span class='ocrx_word' id='word_1_135' title='bbox 1402 1567 1529 1613; x_wconf 84' lang='lat' dir='ltr'><strong>mag-</strong></span> 
     </span>
     <span class='ocr_line' id='line_1_20' title="bbox 246 1619 1530 1682; baseline 0.002 -15"><span class='ocrx_word' id='word_1_136' title='bbox 246 1638 307 1667; x_wconf 91' lang='lat' dir='ltr'><strong>na</strong></span> <span class='ocrx_word' id='word_1_137' title='bbox 338 1631 436 1666; x_wconf 88' lang='lat' dir='ltr'><strong>tum</strong></span> <span class='ocrx_word' id='word_1_138' title='bbox 466 1619 639 1665; x_wconf 88' lang='lat' dir='ltr'><strong>vilitate</strong></span> <span class='ocrx_word' id='word_1_139' title='bbox 670 1631 857 1680; x_wconf 89' lang='lat' dir='ltr'><strong>propter</strong></span> <span class='ocrx_word' id='word_1_140' title='bbox 893 1619 1013 1682; x_wconf 85' lang='lat' dir='ltr'><strong>spem</strong></span> <span class='ocrx_word' id='word_1_141' title='bbox 1047 1621 1216 1679; x_wconf 82' lang='lat' dir='ltr'><strong>olivae,</strong></span> <span class='ocrx_word' id='word_1_142' title='bbox 1247 1621 1453 1668; x_wconf 74' lang='lat' dir='ltr'><strong>coemisse</strong></span> <span class='ocrx_word' id='word_1_143' title='bbox 1481 1623 1530 1668; x_wconf 89' lang='lat' dir='ltr'><strong>in</strong></span> 
     </span>
     <span class='ocr_line' id='line_1_21' title="bbox 245 1691 1529 1756; baseline -0.001 -15"><span class='ocrx_word' id='word_1_144' title='bbox 245 1705 352 1741; x_wconf 90' lang='lat' dir='ltr'><strong>toto</strong></span> <span class='ocrx_word' id='word_1_145' title='bbox 382 1692 522 1739; x_wconf 60' lang='lat' dir='ltr'><strong>trac‘hi</strong></span> <span class='ocrx_word' id='word_1_146' title='bbox 552 1707 687 1738; x_wconf 88' lang='lat' dir='ltr'><strong>omne</strong></span> <span class='ocrx_word' id='word_1_147' title='bbox 723 1691 902 1748; x_wconf 85' lang='lat' dir='ltr'><strong>oleum,</strong></span> <span class='ocrx_word' id='word_1_148' title='bbox 935 1691 1197 1738; x_wconf 78' lang='lat' dir='ltr'><strong>mirantibus</strong></span> <span class='ocrx_word' id='word_1_149' title='bbox 1224 1693 1303 1756; x_wconf 87' lang='lat' dir='ltr'><strong>qui</strong></span> <span class='ocrx_word' id='word_1_150' title='bbox 1334 1711 1529 1756; x_wconf 84' lang='lat' dir='ltr'><strong>pauper-</strong></span> 
     </span>
     <span class='ocr_line' id='line_1_22' title="bbox 245 1764 1530 1830; baseline 0.001 -16"><span class='ocrx_word' id='word_1_151' title='bbox 245 1778 385 1814; x_wconf 82' lang='lat' dir='ltr'><strong>tatem</strong></span> <span class='ocrx_word' id='word_1_152' title='bbox 414 1767 465 1812; x_wconf 89' lang='lat'>&amp;</span> <span class='ocrx_word' id='word_1_153' title='bbox 492 1765 688 1827; x_wconf 86' lang='lat' dir='ltr'><strong>quietem</strong></span> <span class='ocrx_word' id='word_1_154' title='bbox 708 1764 1010 1811; x_wconf 64' lang='lat' dir='ltr'><strong>doctrinarum</strong></span> <span class='ocrx_word' id='word_1_155' title='bbox 1033 1766 1072 1811; x_wconf 86' lang='lat' dir='ltr'><strong>ei</strong></span> <span class='ocrx_word' id='word_1_156' title='bbox 1092 1765 1285 1813; x_wconf 83' lang='lat' dir='ltr'><strong>sciebant</strong></span> <span class='ocrx_word' id='word_1_157' title='bbox 1310 1767 1355 1812; x_wconf 89' lang='lat' dir='ltr'><strong>in</strong></span> <span class='ocrx_word' id='word_1_158' title='bbox 1377 1768 1530 1830; x_wconf 88' lang='lat' dir='ltr'><strong>primis</strong></span> 
     </span>
     <span class='ocr_line' id='line_1_23' title="bbox 247 1836 1530 1902; baseline 0 -16"><span class='ocrx_word' id='word_1_159' title='bbox 247 1839 379 1887; x_wconf 88' lang='lat' dir='ltr'><strong>cordi</strong></span> <span class='ocrx_word' id='word_1_160' title='bbox 399 1838 496 1884; x_wconf 79' lang='lat' dir='ltr'><strong>esse.</strong></span> <span class='ocrx_word' id='word_1_161' title='bbox 530 1839 677 1900; x_wconf 85' lang='lat' dir='ltr'><strong>Atque</strong></span> <span class='ocrx_word' id='word_1_162' title='bbox 698 1848 750 1882; x_wconf 90' lang='lat' dir='ltr'><strong>ut</strong></span> <span class='ocrx_word' id='word_1_163' title='bbox 780 1836 985 1899; x_wconf 83' lang='lat' dir='ltr'><strong>apparuit</strong></span> <span class='ocrx_word' id='word_1_164' title='bbox 1014 1837 1140 1883; x_wconf 86' lang='lat' dir='ltr'><strong>causa</strong></span> <span class='ocrx_word' id='word_1_165' title='bbox 1160 1873 1173 1896; x_wconf 83' lang='lat'>‚</span> <span class='ocrx_word' id='word_1_166' title='bbox 1206 1841 1256 1885; x_wconf 64' lang='grc' dir='ltr'><strong>ὃς</strong></span> <span class='ocrx_word' id='word_1_167' title='bbox 1280 1838 1434 1902; x_wconf 82' lang='lat' dir='ltr'><strong>ingens</strong></span> <span class='ocrx_word' id='word_1_168' title='bbox 1460 1841 1530 1886; x_wconf 86' lang='lat' dir='ltr'><strong>di-</strong></span> 
     </span>
     <span class='ocr_line' id='line_1_24' title="bbox 247 1909 1530 1968; baseline -0.002 -6"><span class='ocrx_word' id='word_1_169' title='bbox 247 1913 464 1962; x_wconf 87' lang='lat' dir='ltr'><strong>vitiarum</strong></span> <span class='ocrx_word' id='word_1_170' title='bbox 485 1909 633 1958; x_wconf 78' lang='lat' dir='ltr'><strong>cursus</strong></span> <span class='ocrx_word' id='word_1_171' title='bbox 646 1946 659 1968; x_wconf 87' lang='lat'>,</span> <span class='ocrx_word' id='word_1_172' title='bbox 681 1909 909 1956; x_wconf 75' lang='lat' dir='ltr'><strong>restituiffe</strong></span> <span class='ocrx_word' id='word_1_173' title='bbox 928 1912 1178 1958; x_wconf 86' lang='lat' dir='ltr'><strong>mercedem</strong></span> <span class='ocrx_word' id='word_1_174' title='bbox 1202 1913 1349 1958; x_wconf 79' lang='lat' dir='ltr'><strong>anxiae</strong></span> <span class='ocrx_word' id='word_1_175' title='bbox 1368 1915 1418 1961; x_wconf 67' lang='grc' dir='ltr'>δί</span> <span class='ocrx_word' id='word_1_176' title='bbox 1433 1912 1530 1959; x_wconf 86' lang='lat' dir='ltr'><strong>avi·</strong></span> 
     </span>
     <span class='ocr_line' id='line_1_25' title="bbox 247 1984 1531 2049; baseline -0.001 -16"><span class='ocrx_word' id='word_1_177' title='bbox 247 1987 319 2033; x_wconf 77' lang='lat' dir='ltr'><strong>‹1ae</strong></span> <span class='ocrx_word' id='word_1_178' title='bbox 357 1985 651 2032; x_wconf 88' lang='lat' dir='ltr'><strong>dominorum</strong></span> <span class='ocrx_word' id='word_1_179' title='bbox 679 1984 987 2047; x_wconf 81' lang='lat' dir='ltr'><strong>poenitentiae,</strong></span> <span class='ocrx_word' id='word_1_180' title='bbox 1021 1996 1286 2032; x_wconf 85' lang='lat' dir='ltr'><strong>contentum</strong></span> <span class='ocrx_word' id='word_1_181' title='bbox 1321 1986 1384 2032; x_wconf 88' lang='lat' dir='ltr'><strong>ita</strong></span> <span class='ocrx_word' id='word_1_182' title='bbox 1417 2002 1531 2049; x_wconf 91' lang='lat' dir='ltr'><strong>pro-</strong></span> 
     </span>
     <span class='ocr_line' id='line_1_26' title="bbox 246 2055 1531 2120; baseline 0.001 -15"><span class='ocrx_word' id='word_1_183' title='bbox 246 2058 367 2106; x_wconf 84' lang='lat' dir='ltr'><strong>baffe</strong></span> <span class='ocrx_word' id='word_1_184' title='bbox 388 2094 402 2117; x_wconf 85' lang='lat'>,</span> <span class='ocrx_word' id='word_1_185' title='bbox 435 2074 545 2120; x_wconf 89' lang='lat' dir='ltr'><strong>opes</strong></span> <span class='ocrx_word' id='word_1_186' title='bbox 578 2057 659 2103; x_wconf 81' lang='lat' dir='ltr'><strong>fibi</strong></span> <span class='ocrx_word' id='word_1_187' title='bbox 691 2057 739 2102; x_wconf 92' lang='lat' dir='ltr'><strong>in</strong></span> <span class='ocrx_word' id='word_1_188' title='bbox 775 2055 927 2115; x_wconf 83' lang='lat' dir='ltr'><strong>facili,</strong></span> <span class='ocrx_word' id='word_1_189' title='bbox 961 2074 1063 2103; x_wconf 90' lang='lat' dir='ltr'><strong>cum</strong></span> <span class='ocrx_word' id='word_1_190' title='bbox 1090 2056 1255 2116; x_wconf 81' lang='lat' dir='ltr'><strong>vellet,</strong></span> <span class='ocrx_word' id='word_1_191' title='bbox 1279 2057 1394 2106; x_wconf 88' lang='lat' dir='ltr'><strong>fore.</strong></span> <span class='ocrx_word' id='word_1_192' title='bbox 1426 2060 1531 2106; x_wconf 88' lang='lat' dir='ltr'><strong>Hoc</strong></span> 
     </span>
     <span class='ocr_line' id='line_1_27' title="bbox 247 2129 1532 2196; baseline 0 -18"><span class='ocrx_word' id='word_1_193' title='bbox 247 2131 403 2196; x_wconf 86' lang='lat' dir='ltr'><strong>postea</strong></span> <span class='ocrx_word' id='word_1_194' title='bbox 432 2131 609 2177; x_wconf 87' lang='lat' dir='ltr'><strong>Sextius</strong></span> <span class='ocrx_word' id='word_1_195' title='bbox 638 2147 662 2176; x_wconf 88' lang='lat' dir='ltr'><strong>e</strong></span> <span class='ocrx_word' id='word_1_196' title='bbox 695 2129 913 2177; x_wconf 86' lang='lat' dir='ltr'><strong>Romanis</strong></span> <span class='ocrx_word' id='word_1_197' title='bbox 944 2129 1169 2193; x_wconf 65' lang='lat' dir='ltr'><strong>sapientiae</strong></span> <span class='ocrx_word' id='word_1_198' title='bbox 1202 2130 1532 2178; x_wconf 61' lang='lat' dir='ltr'><strong>assectatoribus</strong></span> 
     </span>
     <span class='ocr_line' id='line_1_28' title="bbox 248 2201 1530 2250; baseline 0.002 -2"><span class='ocrx_word' id='word_1_199' title='bbox 248 2201 436 2249; x_wconf 86' lang='lat' dir='ltr'><strong>Athenis</strong></span> <span class='ocrx_word' id='word_1_200' title='bbox 471 2201 579 2247; x_wconf 85' lang='lat' dir='ltr'><strong>fecit</strong></span> <span class='ocrx_word' id='word_1_201' title='bbox 608 2201 762 2247; x_wconf 87' lang='lat' dir='ltr'><strong>eadem</strong></span> <span class='ocrx_word' id='word_1_202' title='bbox 790 2202 980 2248; x_wconf 88' lang='lat' dir='ltr'><strong>ratione.</strong></span> <span class='ocrx_word' id='word_1_203' title='bbox 1021 2204 1168 2250; x_wconf 86' lang='lat' dir='ltr'><strong>Tanta</strong></span> <span class='ocrx_word' id='word_1_204' title='bbox 1191 2201 1418 2250; x_wconf 87' lang='lat' dir='ltr'><strong>literarum</strong></span> <span class='ocrx_word' id='word_1_205' title='bbox 1446 2221 1530 2250; x_wconf 89' lang='lat' dir='ltr'><strong>oc-</strong></span> 
     </span>
     <span class='ocr_line' id='line_1_29' title="bbox 249 2274 1531 2339; baseline 0.001 -17"><span class='ocrx_word' id='word_1_206' title='bbox 249 2275 370 2323; x_wconf 88' lang='lat' dir='ltr'><strong>cafio</strong></span> <span class='ocrx_word' id='word_1_207' title='bbox 395 2274 484 2321; x_wconf 88' lang='lat' dir='ltr'><strong>est:</strong></span> <span class='ocrx_word' id='word_1_208' title='bbox 516 2290 623 2337; x_wconf 89' lang='lat' dir='ltr'><strong>quas</strong></span> <span class='ocrx_word' id='word_1_209' title='bbox 652 2274 859 2337; x_wconf 84' lang='lat' dir='ltr'><strong>equidem</strong></span> <span class='ocrx_word' id='word_1_210' title='bbox 886 2274 1083 2322; x_wconf 88' lang='lat' dir='ltr'><strong>miscebo</strong></span> <span class='ocrx_word' id='word_1_211' title='bbox 1113 2275 1354 2337; x_wconf 84' lang='lat' dir='ltr'><strong>agrestibus</strong></span> <span class='ocrx_word' id='word_1_212' title='bbox 1384 2292 1531 2339; x_wconf 86' lang='lat' dir='ltr'><strong>nego—</strong></span> 
     </span>
     <span class='ocr_line' id='line_1_30' title="bbox 250 2347 1530 2411; baseline -0.001 -16"><span class='ocrx_word' id='word_1_213' title='bbox 250 2349 325 2395; x_wconf 82' lang='lat' dir='ltr'><strong>tiis</strong></span> <span class='ocrx_word' id='word_1_214' title='bbox 343 2384 357 2406; x_wconf 85' lang='lat'><strong>,</strong></span> <span class='ocrx_word' id='word_1_215' title='bbox 385 2364 520 2411; x_wconf 87' lang='lat' dir='ltr'><strong>quam</strong></span> <span class='ocrx_word' id='word_1_216' title='bbox 548 2358 713 2409; x_wconf 89' lang='lat' dir='ltr'><strong>potero</strong></span> <span class='ocrx_word' id='word_1_217' title='bbox 750 2347 943 2394; x_wconf 84' lang='lat' dir='ltr'><strong>dilucide</strong></span> <span class='ocrx_word' id='word_1_218' title='bbox 970 2360 1099 2410; x_wconf 88' lang='lat' dir='ltr'><strong>atque</strong></span> <span class='ocrx_word' id='word_1_219' title='bbox 1141 2347 1385 2411; x_wconf 87' lang='lat' dir='ltr'><strong>perspicue.</strong></span> <span class='ocrx_word' id='word_1_220' title='bbox 1433 2348 1530 2394; x_wconf 85' lang='lat' dir='ltr'><strong>Ple-</strong></span> 
     </span>
     <span class='ocr_line' id='line_1_31' title="bbox 250 2419 1529 2486; baseline -0.001 -18"><span class='ocrx_word' id='word_1_221' title='bbox 250 2422 378 2485; x_wconf 81' lang='lat' dir='ltr'><strong>rique</strong></span> <span class='ocrx_word' id='word_1_222' title='bbox 407 2420 558 2467; x_wconf 88' lang='lat' dir='ltr'><strong>dixere</strong></span> <span class='ocrx_word' id='word_1_223' title='bbox 578 2435 727 2466; x_wconf 89' lang='lat' dir='ltr'><strong>rorem</strong></span> <span class='ocrx_word' id='word_1_224' title='bbox 748 2419 943 2466; x_wconf 81' lang='lat' dir='ltr'><strong>inustum</strong></span> <span class='ocrx_word' id='word_1_225' title='bbox 963 2420 1066 2466; x_wconf 85' lang='lat' dir='ltr'><strong>Sole</strong></span> <span class='ocrx_word' id='word_1_226' title='bbox 1088 2421 1179 2467; x_wconf 87' lang='lat' dir='ltr'><strong>acri</strong></span> <span class='ocrx_word' id='word_1_227' title='bbox 1192 2457 1206 2480; x_wconf 89' lang='lat'>,</span> <span class='ocrx_word' id='word_1_228' title='bbox 1233 2421 1434 2486; x_wconf 85' lang='lat' dir='ltr'><strong>frugibus</strong></span> <span class='ocrx_word' id='word_1_229' title='bbox 1454 2438 1529 2468; x_wconf 86' lang='lat' dir='ltr'><strong>ru-</strong></span> 
     </span>
     <span class='ocr_line' id='line_1_32' title="bbox 251 2492 1531 2558; baseline -0.001 -17"><span class='ocrx_word' id='word_1_230' title='bbox 251 2493 420 2558; x_wconf 77' lang='lat' dir='ltr'><strong>biginis</strong></span> <span class='ocrx_word' id='word_1_231' title='bbox 456 2492 626 2541; x_wconf 81' lang='lat' dir='ltr'><strong>causam</strong></span> <span class='ocrx_word' id='word_1_232' title='bbox 646 2492 757 2553; x_wconf 80' lang='lat' dir='ltr'><strong>effe,</strong></span> <span class='ocrx_word' id='word_1_233' title='bbox 791 2493 841 2541; x_wconf 87' lang='lat'>&amp;</span> <span class='ocrx_word' id='word_1_234' title='bbox 879 2493 1144 2542; x_wconf 85' lang='lat' dir='ltr'><strong>carbunculi</strong></span> <span class='ocrx_word' id='word_1_235' title='bbox 1173 2494 1368 2543; x_wconf 82' lang='lat' dir='ltr'><strong>vitibus:</strong></span> <span class='ocrx_word' id='word_1_236' title='bbox 1403 2494 1531 2558; x_wconf 79' lang='lat' dir='ltr'><strong>quod</strong></span> 
     </span>
    </p>
   </div>
  </div>
 </body>
</html>
