1653 2797
212 139 280 205 96
513 136 1273 186 C.PL1N115ECUND1

213 248 368 307 tristis,
388 264 439 294 ac
467 246 556 292 dira
572 282 585 305 ,
606 245 734 292 nullo
767 244 907 293 succo
921 281 935 305 ,
962 262 1019 292 ex
1038 245 1252 299 omnibus
1269 245 1365 293 sola
1389 239 1499 294 bac»

214 323 365 371 cifera.
404 322 502 367 Mas
522 320 667 366 noxio
690 317 849 366 fruciu.
885 319 1034 366 Letale
1061 319 1230 383 quippe
1258 319 1431 378 baccis,
1451 320 1500 366 in

213 395 427 476 Hispania
447 394 696 457 praecipue,
719 409 946 440 venenum
971 391 1097 441 inest.
1114 392 1227 440 Vasa
1245 394 1379 440 etiam
1397 392 1499 439 via-

211 469 332 515 toria
360 484 415 513 ex
453 482 501 512 ea
538 466 658 513 vinis
685 465 733 513 in
764 464 912 512 Gallia
939 463 1083 523 facta,
1107 463 1342 511 mortifera
1373 454 1499 510 fuiffe

211 557 496 605 compertum
527 539 603 587 est
642 540 771 586 Hanc
810 539 985 585 Sextius
1017 500 1240 589 sniilacem
1270 555 1296 586 a
1325 537 1498 586 Graecis

210 614 372 662 vocari
399 612 544 659 dixit:
576 613 626 659 δε
653 611 736 657 effe
756 611 802 657 in
832 609 1021 657 Arcadia
1045 622 1137 658 tam
1169 611 1394 673 praesentis
1416 627 1497 657 νε,

205 688 338 745 meni,
356 702 405 733 ut
423 686 499 750 qui
525 683 814 731 obdormiant
843 683 921 729 sub
946 700 1024 741 ea,
1047 683 1259 730 cibumve
1289 682 1497 746 capiant,

209 761 477 807 moriantur.
523 760 636 805 Sunt
669 757 747 821 qui
779 759 828 804 &
855 757 1001 804 taxica
1035 755 1141 802 hinc
1176 756 1394 819 appellata
1426 757 1495 802 di-

209 847 315 881 cant
341 849 517 880 venena
532 869 544 889 ,
568 848 667 895 quae
687 847 807 876 nunc
829 829 985 876 toxica
1014 828 1227 908 dicimus,
1246 828 1409 894 quibus
1427 827 1494 875 sa,

204 908 331 970 gitta:
364 906 548 968 tingant
543 921 607 949 ir
651 904 929 966 Repertum,
957 901 1194 948 innoxiam
1224 899 1358 960 fieri,
1383 901 1416 948 si
1448 901 1495 948 in

206 980 346 1026 imam
374 980 580 1024 arborem
616 975 716 1022 clai
722 993 771 1023 us
803 991 942 1022 aereus
973 974 1190 1038 adigatur.

284 1054 351 1097 Χ
336 1053 414 1097 ss.
455 1052 538 1097 Pix
572 1049 783 1114 liquida'
773 1066 819 1094 in
853 1050 1035 1111 Europa
1066 1065 1091 1095 e
1118 1041 1219 1096 teda
1250 1040 1493 1113 coquitur,

204 1145 293 1175 nav
300 1126 441 1174 alibus
468 1124 747 1181 muniendis,
767 1122 1022 1187 multosque
1049 1123 1162 1169 alios
1178 1122 1234 1169 ad
1257 1121 1370 1170 usus.
1392 1123 1492 1186 Lig-

205 1221 315 1250 num
359 1200 452 1264 ejus
499 1198 759 1257 concisum,
794 1196 936 1245 furnis
983 1196 1181 1261 undique
1222 1196 1315 1259 igni
1365 1209 1493 1243 extra

201 1276 481 1326 circumdato
501 1311 514 1333 ‚
551 1273 711 1320 fervet.
777 1271 950 1319 Primus
998 1270 1134 1317 sudor
1181 1287 1308 1334 aquae
1345 1270 1491 1317 modo

201 1350 303 1397 fluit
320 1348 490 1396 canali:
512 1348 600 1393 hoc
625 1346 672 1392 in
695 1344 825 1410 Syria
848 1339 1046 1392 cedrium
1064 1355 1283 1390 vocatur:
1303 1341 1374 1390 cui
1393 1354 1489 1390 tan-

202 1434 249 1469 ta
269 1423 339 1469 vis
359 1422 447 1478 est,
465 1432 516 1468 ut
541 1420 588 1465 in
609 1420 810 1483 AEgypto
831 1433 1026 1482 corpora
1049 1416 1288 1464 hominum
1306 1415 1490 1465 defunc·

202 1512 357 1542 torum
385 1510 441 1540 eo
473 1490 647 1555 perfusa
673 1491 922 1537 serventur.

266 1569 415 1614 XXII.
443 1567 641 1629 Sequens
670 1564 850 1629 liquor,
877 1563 1058 1611 craffior
1080 1562 1193 1625 jam,
1213 1564 1359 1626 picem
1380 1561 1487 1609 fun—

199 1642 279 1688 dit.
316 1642 426 1686 Haec
458 1637 605 1686 rursus
633 1637 680 1684 in
708 1638 903 1685 cortinas
936 1653 1068 1682 aereas
1100 1634 1302 1696 conjecta
1322 1671 1336 1693 ,
1357 1649 1487 1682 aceto

201 1711 401 1777 spiss'atur
424 1729 434 1756 :
463 1712 512 1757 &
536 1708 775 1773 coagulata
808 1707 970 1754 Brutiae
995 1723 1256 1771 cognomen
1284 1708 1486 1770 accepite

199 1780 336 1833 doliis
364 1784 594 1831 dumtaxat
610 1818 624 1840 ,
649 1782 852 1846 vasisque
882 1781 1037 1829 ceteris
1066 1781 1213 1839 utilis,
1232 1781 1407 1828 lentore
1429 1781 1487 1827 ab

196 1859 252 1906 ali
243 1877 282 1905 3
305 1860 403 1922 pice
432 1857 665 1904 differens:
695 1857 805 1902 item
833 1854 990 1902 colore
1016 1854 1252 1912 rutilante,
1278 1856 1328 1907 δε
1357 1854 1483 1917 quod

197 1931 408 1997 pinguior
431 1928 493 1976 est
517 1927 701 1992 reliqua.
741 1927 912 1974 Omnia
941 1926 1016 1973 illa
1044 1925 1158 1995 fiunt
1185 1943 1208 1974 e
1236 1926 1389 1990 picea,
1417 1942 1483 1972 re·

197 2003 287 2049 sina
323 2001 598 2048 ferventibus
635 2000 762 2049 cocta
801 1992 1051 2063 lapidibus,
1086 1999 1134 2045 in
1166 1999 1309 2046 alveis
1342 1998 1482 2045 validi

198 2075 408 2122 roboris:
442 2089 519 2121 aut
551 2074 582 2120 si
621 2074 742 2120 alvei
787 2090 882 2119 non
922 2073 1035 2128 tint,
1069 2064 1198 2119 struis
1236 2072 1480 2136 congerie,

197 2148 327 2201 Velut
351 2147 398 2194 in
420 2146 627 2193 carbonis
654 2145 749 2193 usu.
792 2147 900 2193 Haec
927 2145 974 2191 in
997 2144 1156 2191 vinum
1187 2143 1389 2202 additur,
1411 2143 1479 2190 fa.—

195 2221 306 2269 rinae
340 2220 480 2266 modo
510 2218 634 2277 tufa,
665 2218 836 2282 nigrior
869 2218 1040 2265 colore.
1078 2217 1245 2263 Eadem
1274 2216 1413 2282 resina
1445 2209 1477 2262 {i

197 2310 234 2338 c
230 2310 302 2339 im
331 2308 443 2356 aqua
460 2290 605 2337 levius
639 2291 916 2353 decoquatur
948 2289 1235 2353 coleturque,
1253 2287 1359 2335 rufo
1393 2304 1475 2334 co—

197 2364 294 2410 lore
332 2362 564 2420 lentescit,
597 2380 646 2409 ac
684 2361 893 2408 stillatitia
928 2377 1134 2408 vocatur.
1187 2362 1477 2424 Seponuntur

200 2446 348 2483 mrem
373 2435 428 2482 ad
446 2435 491 2482 id
516 2432 608 2480 tere
629 2432 737 2482 vitia
758 2434 908 2481 refinae
937 2447 1196 2497 cortexque.
1234 2431 1330 2485 Alia
1356 2443 1472 2478 tem-
