1653 2797
237 211 330 258 274
493 192 858 240 eumn
904 191 1276 240 SECUNDI

233 317 285 351 ut
323 304 368 348 in
402 318 573 348 macro.
624 301 728 349 Huc
763 298 956 363 pertinet
991 301 1227 348 oraculum
1257 299 1368 348 illud
1393 318 1519 367 mag-

234 390 407 437 nopere
440 373 811 420 custodiendum:
840 373 1047 436 Segetem
1075 390 1131 419 ne
1157 372 1373 436 defruges.
1421 375 1517 420 Ad-

235 449 343 510 iecit
378 448 432 494 iis
466 447 627 495 Accius
658 446 705 492 in
738 445 1007 503 Praxidico,
1044 458 1094 492 ut
1134 446 1349 493 sereretur
1368 482 1382 506 ,
1413 464 1518 494 cum

237 524 365 569 Luna
409 520 513 566 effet
546 513 593 565 in
629 518 809 575 Ariete,
855 517 1090 575 Geminis,
1130 520 1313 576 Leone,
1352 518 1518 577 Libra,

244 594 462 657 Aquario.
493 591 748 639 Zoroastres
766 588 871 635 Sole
891 588 1129 636 duodecim
1141 601 1287 652 partes
1301 590 1520 653 Scorpio-

241 668 311 714 nis
339 665 603 729 transgresso
622 699 636 722 ,
663 680 764 711 cum
785 664 909 708 Luna
941 661 1046 707 effer
1073 662 1121 708 in
1154 665 1324 710 Tauro.

314 743 428 788 LVI.
466 739 673 803 Sequitur
710 737 798 783 huc
830 735 961 781 dilata
998 737 1049 784 &
1086 737 1280 784 maxima
1315 738 1522 802 indigens

236 831 345 863 cura
376 813 429 859 de
459 823 665 872 tempore
700 806 848 871 fruges
880 806 1052 852 serendi
1085 806 1305 870 quaestio,
1338 825 1522 872 magna—

237 903 329 951 que
365 901 423 930 ex
462 893 586 945 parte
622 879 799 926 ratione
838 878 1026 925 siderum
1069 894 1293 926 connexa.
1345 881 1522 940 Quam·-

238 962 399 1007 obrem
429 953 667 1002 sententias
701 951 907 999 omnium
938 951 984 996 in
1020 951 1176 1014 primis
1208 952 1265 998 ad
1300 952 1348 998 id
1381 953 1521 1015 perti-

238 1043 395 1078 nentes
413 1041 710 1089 exponemus.
733 1024 977 1080 Hesiodus,
995 1023 1073 1086 qui
1092 1024 1298 1086 princeps
1318 1024 1522 1070 omnium

237 1104 294 1149 de
315 1099 585 1164 agricultura
608 1094 850 1158 praecepit,
869 1111 1009 1140 unum
1032 1109 1209 1158 tempus
1229 1095 1399 1142 serendi
1430 1108 1522 1142 tra-

239 1175 352 1222 didit
390 1191 418 1219 a
461 1168 759 1232 Vergiliarum
807 1166 983 1214 occasu,
1037 1167 1269 1214 Scribebat
1312 1168 1432 1215 enim
1474 1169 1522 1214 in

241 1246 423 1295 Boeotia
452 1241 649 1289 Helladis
668 1277 681 1299 ,
709 1241 786 1286 ubi
815 1240 876 1286 ita
910 1239 990 1286 seri
1024 1240 1232 1287 diximus.
1274 1243 1393 1287 Inter
1417 1241 1520 1288 dili-

241 1318 515 1385 gentiffimos
546 1313 798 1371 convenit,
818 1324 867 1358 ut
891 1313 938 1358 in
969 1313 1126 1360 alitum
1155 1313 1521 1377 quadrupedum-

239 1409 329 1456 que
362 1390 562 1455 genitura
581 1424 595 1446 ‚
621 1386 706 1433 effe
738 1386 955 1450 quosdam
992 1387 1048 1434 ad
1075 1399 1348 1449 conceptum
1376 1387 1520 1450 impe-

241 1480 313 1513 tus
347 1467 397 1511 &
435 1477 578 1510 terrae.
631 1463 735 1508 Hoc
771 1462 922 1508 Graeci
954 1460 1014 1507 ita
1051 1459 1297 1506 definiunt:
1332 1477 1434 1508 cum
1466 1461 1518 1506 fit

243 1537 387 1584 calida
416 1537 465 1582 &
494 1534 690 1579 humida.
727 1533 941 1595 Virgilius
969 1531 1169 1578 triticum
1194 1534 1246 1579 &
1273 1531 1340 1578 far
1362 1535 1515 1578 aVer-

242 1609 450 1674 gillarum
481 1604 643 1652 occasu
677 1604 760 1649 seri
790 1604 944 1665 jubet,
971 1605 1191 1649 hordeum
1227 1605 1356 1650 inter'
1377 1605 1519 1667 aequi-

242 1681 443 1728 noffium
473 1676 745 1724 autumni&
764 1676 964 1722 brumam
985 1693 994 1721 :
1026 1675 1189 1722 viciam
1217 1692 1357 1733 vero,
1379 1676 1522 1723 faseo-

240 1754 314 1801 los
345 1755 394 1800 &
420 1751 609 1808 lentem,
637 1751 782 1795 Boote
815 1748 1066 1794 occidente.
1107 1749 1218 1807 Quo
1253 1746 1331 1805 fit,
1358 1761 1408 1795 ut
1438 1749 1519 1795 ho-

244 1843 342 1872 rum
369 1825 557 1870 fiderum
585 1822 865 1885 aliorumque
892 1834 1076 1868 exortus
1107 1824 1156 1868 &
1187 1820 1368 1868 occasus
1397 1822 1521 1886 dige-

243 1898 372 1946 rendi
403 1898 488 1943 fint
517 1896 563 1942 in
596 1895 695 1941 suos
734 1895 837 1942 dies.
883 1896 995 1940 Sunt
1035 1894 1114 1958 qui
1144 1896 1193 1940 &
1227 1905 1329 1939 ante
1362 1894 1522 1958 Vergi-

243 1973 404 2019 liarum
439 1969 644 2016 occasum
684 1968 766 2015 seri
808 1968 1019 2030 jubeant,
1059 1968 1292 2014 dumtaxat
1317 1967 1365 2013 in
1400 1969 1522 2016 arida

245 2056 394 2101 terra,
428 2041 666 2104 calidisque
704 2039 970 2103 provinciis.
1021 2038 1256 2085 Custodiri
1295 2039 1418 2086 enim
1455 2040 1522 2087 se-

245 2134 352 2165 men
371 2152 384 2174 ,
407 2128 726 2178 corrumpente
754 2115 946 2161 humore
965 2148 979 2171 ,
1004 2114 1054 2161 &
1080 2129 1106 2158 a
1134 2111 1350 2174 proximo
1370 2113 1521 2169 ,imbre

245 2205 342 2236 uno
377 2188 448 2234 die
485 2204 733 2249 erumpere.
775 2186 866 2232 Alii
900 2184 1042 2231 statim
1074 2184 1130 2230 ab
1162 2184 1325 2231 occasu
1357 2185 1521 2249 Vergi-

245 2262 409 2308 liarum
433 2258 557 2322 sequi
581 2258 770 2315 imbres,
792 2274 817 2304 a
845 2257 1031 2319 septimo
1058 2256 1149 2302 fere
1179 2258 1262 2304 die.
1296 2257 1448 2320 Aliqui
1474 2259 1521 2304 in

247 2333 418 2397 frigidis
447 2333 501 2378 ab
531 2331 806 2393 aequinoctio
835 2330 1035 2376 autumni
1060 2348 1070 2377 :
1098 2331 1146 2375 in
1174 2330 1326 2377 calidis
1356 2330 1518 2388 serius,

251 2423 305 2452 ne
325 2418 425 2452 ante
444 2404 633 2452 hiemem
653 2404 894 2449 luxurient.
925 2404 1043 2448 Inter
1060 2419 1216 2448 omnes
1242 2414 1390 2449 autem
1409 2418 1516 2447 con-

250 2479 399 2538 venit,
418 2478 535 2525 circa
554 2477 757 2524 brumam
776 2476 1006 2523 serendum
1030 2492 1125 2521 non
1141 2475 1249 2534 effe,
1267 2490 1431 2538 magno
1449 2491 1518 2520 ar-
