1653 2797
176 151 284 199 330.
451 134 796 183 C.PL1N11
852 136 1221 185 SECU'NDI

174 244 271 292 bus.
302 242 679 296 Succusduobus
711 243 858 290 modis
895 244 1182 307 capiebatur:
1215 262 1240 291 e
1270 243 1447 303 radice,

174 331 304 380 atque
332 317 470 364 caule.
491 319 546 363 Et
565 317 660 363 haec
683 316 772 362 duo
793 332 917 363 erant
939 319 1148 364 nomina:
1178 316 1360 375 rhizias,
1380 329 1450 363 at-

176 407 262 452 que
291 390 450 437 caulias
479 390 619 437 vilior
640 389 720 436 illo
742 407 792 437 ac
812 390 1084 453 putrescens.
1113 390 1273 438 Radici
1290 401 1450 454 cortex

177 462 316 526 niger.
357 463 430 509 Ad
453 462 614 510 mercis
638 462 885 521 adulteria,
917 463 1096 510 succum
1116 463 1261 526 ipsum
1285 463 1333 510 in
1350 461 1454 509 vasa

178 535 457 597 corijeffiim,
483 536 684 583 admixto
714 535 884 582 furfure
900 571 914 594 ,
943 534 1126 583 subinde
1146 536 1453 584 concutiendo

179 609 232 657 ad
254 609 553 656 maturitatem
581 609 905 672 perducebant:
937 609 984 654 ni
1015 610 1076 655 ita
1106 609 1330 667 fecissent,
1365 626 1450 673 pu-

178 681 455 729 trescentem.
500 684 827 746 Argumentum
857 694 950 728 erat
981 682 1272 743 maturitatis,
1294 683 1456 740 color,

183 755 441 820 siccitasque
469 756 627 803 sudore
649 754 794 816 finito.
836 755 926 817 Alii
953 757 1135 803 tradunt
1160 755 1368 818 laserpitii
1389 773 1456 805 ra-

183 832 326 879 dicem
359 831 483 878 fuisse
518 829 734 891 majorem
765 829 979 887 cubitali,
999 830 1216 892 tuberque
1246 830 1292 875 in
1323 846 1374 875 ea
1391 829 1457 875 su-

183 922 261 967 pra
280 917 457 950 terram.
486 904 588 949 Hoc
611 902 752 950 inciso
769 938 782 960 ,
806 902 1032 965 profluere
1054 902 1233 948 solitum
1252 901 1459 959 succum,

186 995 269 1023 ceu
288 977 426 1034 lactis,
441 976 702 1039 superenato
723 974 863 1034 caule,
887 991 1019 1038 quem
1034 975 1298 1039 magydarim
1319 991 1462 1020 voca-

185 1062 306 1096 runt.
338 1050 463 1096 Folia
494 1049 615 1096 aurei
635 1048 803 1095 coloris
830 1064 914 1109 pro
937 1046 1100 1094 semine
1120 1047 1266 1104 fuiffe,
1297 1046 1462 1093 caden-

187 1124 246 1169 tia
274 1122 449 1170 aCanis
479 1133 584 1167 ortu
602 1156 616 1179 ‚
646 1119 807 1166 Austro
828 1119 975 1167 flante.
1010 1122 1075 1166 Ex
1105 1120 1171 1165 his
1189 1117 1464 1181 laserpitium

189 1194 306 1241 nasci
322 1194 526 1251 solitum,
561 1209 714 1240 annuo
736 1192 877 1255 spatio
902 1195 952 1240 δε
975 1193 1121 1238 radice
1142 1195 1189 1238 &
1210 1191 1333 1238 caule
1352 1207 1463 1245 con-

190 1267 509 1315 summantibus
535 1265 634 1312 sese.
667 1266 769 1312 Hoc
794 1267 844 1312 &
865 1264 1133 1312 circumfodi
1154 1263 1332 1310 solitum
1351 1261 1465 1326 pro-

191 1343 353 1390 didere.
389 1345 485 1390 Nec
521 1341 701 1405 purgari
722 1359 915 1404 pecora,
948 1341 1022 1388 sed
1051 1359 1165 1405 aegra
1197 1340 1363 1398 sanari,
1391 1349 1467 1386 aut

192 1416 399 1479 protinus
434 1415 583 1473 mori,
622 1415 749 1477 quod
776 1415 821 1461 in
857 1416 1008 1479 paucis
1040 1415 1252 1463 accidere.
1290 1413 1467 1460 Persico

194 1489 354 1551 silphio
382 1489 507 1550 prior
538 1488 698 1550 opinio
730 1489 952 1551 congruit.

257 1563 379 1608 XVI.
409 1561 610 1606 Alterum
634 1576 770 1622 genus
799 1560 885 1618 est,
916 1562 1043 1624 quod
1071 1559 1298 1624 mygdaris
1323 1575 1471 1606 voca-

195 1645 294 1691 tur,
308 1633 504 1680 tenerius
525 1635 573 1680 &
591 1633 739 1678 minus
760 1633 1028 1691 vehemens,
1051 1635 1138 1680 fine
1161 1633 1321 1680 succo:
1342 1632 1471 1695 quod

197 1708 314 1755 circa
337 1707 514 1772 Syriam
550 1705 774 1764 nascitur,
804 1699 898 1753 non
932 1708 1206 1769 proveniens
1237 1707 1286 1757 in
1316 1706 1472 1769 Cyre-

197 1780 325 1826 naica
353 1779 554 1842 regione.
586 1775 798 1838 Gignitur
830 1777 945 1824 &in
973 1778 1178 1824 Parnasso
1200 1789 1356 1824 monte
1387 1793 1473 1823 co-

198 1851 363 1915 piofius
375 1887 390 1907 ‚
403 1847 666 1912 quibusdam
685 1846 955 1910 laserpitium
968 1850 1259 1896 vocantibus:
1279 1866 1357 1910 per
1372 1865 1474 1912 quae

200 1924 355 1972 onmia
399 1922 670 1981 adulteratur
709 1921 774 1967 rei
812 1920 1107 1969 saluberrimae
1148 1922 1476 1984 utiliffimaeque

201 1997 453 2045 aucioritas.
481 1995 700 2042 Probatio
727 1995 886 2042 sinceri
914 1997 1059 2059 prima
1077 2033 1091 2052 ‚
1118 1997 1164 2042 in
1186 1996 1341 2043 colore
1369 2011 1476 2040 mo-

204 2072 301 2118 dice
327 2070 431 2116 rufo
448 2106 462 2128 ,
490 2072 540 2118 &
567 2087 669 2116 cum
691 2068 911 2132 frangitur
927 2105 941 2126 ,
973 2068 1164 2115 candido
1189 2068 1335 2124 intus,
1364 2082 1478 2113 mox

205 2145 532 2193 translucente:
554 2156 700 2206 gutta,
724 2162 838 2208 aqua
866 2143 1088 2207 salivaque
1117 2140 1333 2206 liquescit.
1357 2139 1478 2188 Usus

205 2218 252 2264 in
281 2217 433 2265 multis
466 2217 849 2263 medicaminibus.

271 2291 419 2336 XVII.
447 2290 557 2335 Sunt
587 2289 828 2335 etiamnum
848 2289 938 2337 duo
958 2305 1116 2353 genera
1130 2323 1144 2345 ,
1163 2303 1258 2333 non
1285 2285 1365 2337 nifi
1386 2285 1479 2332 sor·

209 2363 316 2409 dido
340 2373 447 2408 nota
472 2362 611 2425 vulgo
629 2397 642 2418 ,
665 2379 765 2407 cum
786 2361 956 2424 quaestu
976 2361 1166 2406 multum
1192 2359 1405 2422 polleant.
1423 2359 1477 2403 In

209 2435 365 2497 primis
380 2435 507 2485 rubia
523 2435 742 2500 tingendis
758 2434 868 2483 lanis
883 2437 931 2483 ὃ(
951 2435 1086 2482 coriis
1103 2432 1348 2481 necessaria.
1365 2432 1481 2481 [ειη-ν
