1653 2797
231 185 320 231 '226
486 181 1263 239 C.PL1N115ECUND1

224 309 352 338 reum
377 289 685 354 praeferebant.
712 291 878 354 Agrum
901 289 1014 335 male
1036 289 1209 348 colere,
1230 277 1512 336 Censorium

228 364 444 428 probrum
464 362 755 423 judicabatur.
787 364 937 424 Atque
956 361 1030 424 (ut
1054 361 1189 408 refert
1207 359 1351 424 Cato)
1370 378 1504 423 quem

227 436 376 483 virum
410 435 583 481 bonum
615 433 832 481 colonum
866 433 1071 480 dixiffent
1090 470 1103 486 2
1126 433 1383 496 ampliffime
1415 432 1506 478 lau·

227 509 340 555 dafl'e
381 508 701 556 existimabant.
748 508 864 553 Hinc
899 509 947 554 &
981 507 1230 570 locupletes
1266 506 1506 564 dicebant,

228 583 320 628 loci
338 619 351 639 ‚
384 583 474 628 hoc
495 581 583 640 est,
610 581 700 643 agri
730 580 903 642 plenos.
942 581 1137 627 Pecunia
1163 581 1255 644 ipsa
1286 598 1311 627 a
1339 595 1506 643 pecore

229 656 546 719 appellabatur.
581 655 724 700 Etiam
754 670 876 698 nunc
910 652 956 696 in
990 653 1149 699 tabulis
1182 653 1411 700 Censoriis
1431 669 1507 715 pa·

225 729 327 776 seua
360 728 570 775 dicuntur
603 725 784 782 omnia,
820 741 876 770 ex
914 723 1073 786 quibus
1112 726 1307 787 populus
1337 726 1505 773 reditus

228 802 386 858 habet,
423 800 527 864 quia
569 799 646 845 diu
676 799 766 844 hoc
800 797 944 843 solum
975 797 1166 860 vectigal
1196 798 1348 846 fuerat.
1381 800 1507 845 Mul-

226 874 339 920 tatio
370 887 553 936 quoque
586 886 681 915 non
716 868 796 914 nifi
828 869 989 916 ovium
1023 868 1252 932 boumque
1272 870 1504 933 impendio

224 947 482 994 dicebatur:
517 960 611 990 non
644 942 889 989 omittenda
923 942 1162 1005 priscarum
1193 943 1341 1007 legum
1373 944 1514 995 bene-1

227 1018 446 1067 volentia.
494 1018 688 1063 Cautum
726 1015 892 1080 quippe
926 1015 1014 1073 est,
1045 1033 1101 1062 ne
1132 1016 1328 1074 bovem‘,
1359 1017 1506 1080 prius-

227 1109 362 1155 quam
381 1106 518 1137 ovem
535 1125 548 1148 ‚
567 1089 822 1135 nominaret
835 1123 847 1142 ‚
868 1088 947 1152 qui
965 1088 1181 1135 indiceret
1197 1089 1394 1137 multam.
1413 1093 1505 1137 Lu-

227 1165 311 1211 dos
344 1163 483 1209 boum
518 1161 646 1210 causa
677 1162 989 1218 celebrantes,¹
1011 1162 1222 1207 Bubetios
1261 1163 1504 1212 vocabant.

228 1238 411 1284 Servius
450 1253 562 1293 rex,
604 1236 765 1282 ovium
797 1236 1026 1299 boumque
1064 1235 1208 1298 effigie
1247 1236 1415 1299 primus
1448 1255 1514 1289 aes>

228 1311 436 1375 fignavit.
475 1314 662 1372 Frugem
701 1310 881 1371 quidem
921 1321 1072 1356 aratro
1103 1309 1328 1372 quaesitam
1355 1310 1509 1359 furtim

230 1385 367 1431 noctu
390 1383 582 1446 pavisse,
616 1399 666 1429 ac
701 1381 904 1438 secuiffe,
938 1380 1095 1443 puberi
1129 1394 1206 1425 XII
1237 1381 1398 1429 tabulis
1431 1401 1508 1431 ca-

231 1455 363 1517 pitale
395 1465 509 1500 erat:
549 1454 888 1517 suspensumque
922 1453 1077 1500 Cereri
1102 1453 1249 1500 necari
1267 1453 1509 1517 jubebant,

232 1524 414 1591 gravius
441 1543 574 1588 quam
606 1527 653 1571 in
680 1527 930 1572 homicidio
955 1525 1246 1573 convictum:
1279 1527 1508 1590 impubem

230 1598 439 1645 Praetoris
467 1597 681 1644 arbitratu
700 1598 952 1656 verberari,
981 1597 1255 1661 noxiamque
1289 1599 1508 1662 duplione

231 1669 426 1726 decerni.
1054 1714 1057 1717 Α

295 1743 388 1789 Jam
404 1740 624 1787 distinctio
643 1738 877 1802 honosque
895 1739 1091 1787 civitatis
1110 1740 1241 1802 ipsius
1259 1757 1354 1793 non
1366 1741 1507 1788 aliun-

231 1815 285 1861 de
318 1826 424 1861 erat.
467 1813 658 1860 Rusticae
692 1812 832 1859 tribus
861 1813 1163 1860 laudatiffimae
1198 1829 1390 1870 eorum,
1428 1814 1508 1877 qui

232 1904 335 1933 rura
372 1886 599 1931 habereut.
639 1884 836 1930 Urbana:
864 1902 978 1933 vero
999 1921 1014 1942 ,
1056 1884 1104 1930 in
1137 1901 1245 1947 quas
1278 1883 1508 1932 transferri

232 1957 481 2021 ignominia
521 1956 648 2013 esset,
684 1956 858 2002 defidiae
894 1957 1081 2019 probro.
1127 1959 1278 2020 Itaque
1315 1970 1509 2021 quatuor

232 2031 337 2077 solae
368 2042 492 2076 erant
522 2047 546 2076 a
580 2029 778 2091 partibus
804 2029 926 2075 urbis
944 2065 957 2087 ‚
989 2030 1035 2075 in
1068 2030 1193 2092 queis
1223 2030 1508 2089 habitabant,

232 2103 512 2163 Suburrana,
546 2102 765 2160 Palatina,
802 2101 1016 2160 Collina,
1041 2101 1294 2165 Exquilina.
1330 2101 1508 2148 Nundi-

231 2176 300 2222 nis
328 2176 484 2221 urbem
514 2175 826 2232 reviiitabant,
855 2177 904 2222 &
937 2175 1041 2222 ideo
1079 2175 1263 2221 comitia
1294 2175 1508 2222 nundinis

232 2248 385 2295 haberi
419 2264 514 2294 non
550 2246 743 2303 licebat,
776 2265 831 2293 ne
867 2248 992 2309 plebs
1028 2246 1188 2293 rustica
1224 2260 1506 2294 avocaretur.

234 2320 377 2381 Quies
412 2317 680 2382 somnusque
708 2319 753 2364 in
778 2319 1025 2365 stramentis
1054 2331 1159 2366 erat.
1197 2319 1409 2377 Gloriam
1427 2319 1506 2365 de-

236 2395 369 2457 nique
398 2392 535 2457 ipsam
563 2409 586 2438 a
618 2391 744 2438 farris
778 2392 955 2438 honore
978 2393 1185 2439 adoream
1213 2392 1505 2456 appellabant.

232 2463 450 2531 Equidem
499 2465 588 2529 ipsa
633 2464 766 2512 etiam
806 2466 945 2514 verba
986 2466 1140 2530 priscae
1170 2464 1507 2531 fignificationis
