1653 2797
207 127 298 190 382
464 123 1243 171 C.PLlNllSECUND1

202 234 253 281 in
272 233 456 280 naribus
477 230 680 278 contrito
704 245 760 275 eo
782 229 1030 288 obturatis,
1059 231 1136 277 vel
1162 229 1287 295 gallae
1307 231 1484 291 mixto,

203 321 278 354 aut
310 317 498 353 mentae:
528 304 636 350 item
660 320 717 349 ex
739 303 901 350 abortu
918 302 1177 366 profluvia,
1203 316 1319 368 poto
1345 304 1481 352 succo

203 397 308 427 cum
337 378 447 425 laste
475 376 733 424 mulierum.
763 376 888 422 Tuffi
911 375 1045 422 etiam
1063 376 1238 434 veteri,
1259 394 1310 424 ac
1330 378 1488 441 pecto-

202 454 263 500 ris
299 455 349 500 &
373 449 605 515 pulmonis
629 449 752 497 vitiis
776 449 991 496 medetur.
1026 449 1152 496 Illitis
1185 447 1308 497 foliis
1331 450 1488 497 sananm

201 541 276 575 tur
294 531 342 577 δι
364 526 586 585 ambusta,
609 524 661 573 &
680 524 985 589 epinyftides:
1006 523 1067 570 ita
1087 536 1280 572 vocatur
1297 524 1488 585 hulcus,

203 620 306 667 quae
329 604 378 650 δε
396 601 529 666 syce,
548 601 595 646 in
613 598 779 663 angulo
794 596 920 644 oculi
937 609 1157 660 perpetuo
1175 596 1367 644 humore
1387 615 1487 644 ma-

203 694 329 724 nans.
363 676 563 736 Quidam
582 673 745 720 eodem
769 672 955 719 nomine
983 669 1207 735 appellant
1231 671 1405 735 pusulas
1428 672 1488 718 li-

203 764 396 811 ventes,
437 767 489 798 ac
521 747 728 795 noCtibus
756 746 1068 810 inquietantes.
1102 746 1159 790 Et
1192 743 1278 791 alia
1308 743 1488 791 hulcera

205 842 311 873 cum
343 823 473 870 melle
504 822 641 867 trito:
679 818 755 865 vel
775 817 1015 865 bestiarum
1042 816 1217 864 morsus
1247 833 1303 863 ex
1327 828 1488 864 acetoz

204 901 309 948 item
346 896 630 959 serpentium.
667 892 861 940 Aurium
881 907 996 939 vero
1021 890 1134 938 vitia
1154 908 1256 938 cum
1287 890 1392 937 felle
1415 908 1490 937 ca·—

204 973 340 1036 prino
355 1007 368 1029 ‚
388 969 466 1015 vel
483 969 579 1032 pari
596 966 803 1014 mensura
830 966 984 1013 mulsi:
1015 966 1224 1013 stridores
1253 984 1358 1013 cum
1379 966 1490 1013 Ιειᾶθ

205 1044 426 1093 mulieris:
453 1042 611 1104 capitis
630 1039 813 1087 dolores
828 1076 841 1097 ‚
858 1040 890 1086 fi
911 1039 958 1085 in
979 1056 1106 1085 nares
1127 1038 1341 1086 fundatur
1354 1075 1368 1098 ,
1385 1040 1488 1085 dor-

206 1116 471 1175 miturisve‚
505 1115 553 1161 in
591 1131 745 1161 aurem
777 1113 953 1159 duobus
988 1112 1110 1159 succi
1146 1111 1490 1170 cochlearibus,

205 1207 301 1238 uno
330 1188 491 1235 mellis.
522 1189 688 1234 Succus
711 1188 760 1233 &
780 1186 835 1233 ad
867 1185 1141 1249 serpentium
1170 1185 1490 1249 scorpionum*>

205 1283 295 1331 que
326 1265 439 1311 iiius
459 1263 630 1311 bibitur
647 1280 750 1310 cum
770 1278 898 1309 mero
915 1297 930 1321 ,
961 1263 1011 1308 &
1033 1261 1089 1307 ad
1117 1259 1376 1307 lumborum
1402 1261 1491 1306 do—

205 1339 326 1386 lores
348 1355 453 1385 cum
471 1336 571 1383 vini
599 1336 780 1382 hemina
804 1346 955 1398 potus.
987 1334 1258 1398 Sanguinem
1275 1350 1389 1381 vero
1410 1350 1493 1379 ex-

204 1410 478 1459 screantibus
495 1411 545 1457 &
557 1408 787 1472 phthisicis
802 1444 815 1466 ‚
837 1406 1200 1454 distillationibus
1220 1405 1367 1469 longis
1379 1442 1393 1464 ‚
1414 1403 1490 1452 vel

204 1482 359 1530 succus
381 1518 396 1541 ,
419 1481 495 1528 vel
522 1499 576 1527 ex
595 1480 692 1543 ipso
714 1480 840 1527 cibus
860 1479 1056 1543 prodest.
1089 1482 1198 1525 Item
1221 1479 1387 1525 morbo
1417 1494 1490 1525 re-

204 1557 312 1622 gio,
343 1555 421 1602 vel
448 1553 730 1618 hydropicis,
768 1556 824 1599 Et
853 1554 908 1599 ad
941 1570 1099 1599 renum
1135 1551 1316 1598 dolores
1337 1587 1351 1609 ,
1388 1567 1490 1597 cum

204 1630 388 1695 ptisanae
408 1627 544 1674 succo
562 1625 785 1672 acetabuli
807 1623 1023 1670 mensura.
1055 1624 1176 1669 Idem
1196 1624 1359 1669 modus
1388 1639 1489 1670 cum

209 1705 342 1752 melle
360 1741 377 1762 ,
397 1703 562 1750 vulvas
582 1713 756 1766 purgat.
788 1701 915 1747 Estur
942 1716 1055 1746 vero
1075 1701 1124 1748 ὅ(
1143 1710 1304 1746 contra
1325 1696 1492 1760 fungo—

207 1795 309 1825 rum
341 1791 548 1823 venena:
582 1774 832 1837 imponitur
865 1775 915 1821 &
946 1771 1225 1820 vulneribus.
1266 1774 1491 1816 Venerem

207 1850 429 1908 stimulat,
460 1847 575 1894 fitim
608 1847 747 1894 sedat:
779 1847 1013 1893 ebrietates
1036 1844 1227 1891 discutit.
1263 1843 1349 1890 Sed
1379 1859 1489 1889 ocu·

207 1927 361 1973 lorum
380 1924 521 1972 aciem
539 1923 748 1970 hebetare
769 1921 983 1967 traditur:
1007 1918 1288 1966 inflationem
1307 1932 1492 1981 quoque

208 1999 382 2055 facere,
419 2013 520 2059 quae
549 2011 698 2042 tamen
736 1993 969 2040 stomacho
1009 2008 1105 2038 non
1139 2001 1338 2049 noceat,
1372 2006 1489 2036 ven·-

207 2085 411 2134 tremque
431 2068 620 2115 molliat.
652 2068 772 2115 Voci
797 2066 1079 2130 splendorem
1101 2064 1236 2111 affert.

290 2145 436 2192 XXII.
471 2143 682 2204 Capitato
725 2141 871 2204 major
909 2141 970 2187 est
1004 2140 1058 2185 ad
1101 2139 1255 2185 eadem
1275 2134 1490 2198 effectus.

211 2219 481 2282 Sanguinem
506 2214 809 2280 rejicientibus
836 2213 991 2261 succus
1022 2211 1118 2274 ejus
1141 2227 1243 2257 cum
1273 2210 1398 2274 gallae
1416 2222 1492 2256 aut

207 2291 351 2339 thuris
382 2289 558 2347 farina,
594 2287 671 2335 vel
705 2287 854 2335 acacia
873 2323 887 2346 ‚
916 2286 1053 2332 datur.
1101 2285 1400 2347 Hippocrates
1440 2284 1490 2330 δέ

210 2366 301 2411 sine
330 2365 415 2410 alia
443 2363 639 2409 mixtura
664 2361 759 2407 dari
791 2360 941 2421 jubet:
974 2357 1223 2422 vulvasque
1245 2357 1489 2404 contractas

211 2437 383 2499 aperire
394 2448 552 2500 :putate
584 2434 925 2483 foecunditatem
955 2432 1087 2480 etiam
1106 2430 1375 2479 feminarum
1398 2430 1486 2476 hoc
