1653 2797
249 134 340 197 348
516 133 572 180 c,
624 133 887 179 PL1N11
937 129 1300 182 SECUNDI

244 246 366 291 Inter
385 258 519 305 grana
546 241 673 304 digiti
697 241 896 287 interesse
915 240 1103 287 debent:
1134 240 1259 286 simul
1279 251 1414 304 atque
1434 239 1519 288 tria

246 316 357 362 folia
382 327 658 378 eruperunt,
683 313 843 361 sarriri.
879 313 1218 371 Grandescunt‚
1249 330 1345 377 quo
1362 312 1520 381 saepius

244 389 505 436 sarriuntur.
535 389 930 436 Maturescentium
963 388 1109 436 caules
1136 388 1321 451 depreffi
1353 387 1400 434 in
1427 400 1519 435 ter-

233 482 341 511 *ram
370 465 652 512 obruuntur:
684 465 744 511 ita
775 476 962 511 cavetur
986 481 1042 510 ne
1075 463 1122 509 in
1153 462 1362 510 frondem
1389 455 1540 511 luitu-⁸

232 539 371 585 rient.
408 541 458 585 In
482 538 651 603 frigidis
677 539 827 585 utilius
848 555 956 585 vere
975 538 1056 584 seri
1085 573 1098 596 ‚
1115 555 1249 603 quam
1289 550 1522 585 autumno.

245 612 415 658 Cetero
435 623 484 657 ut
504 612 646 657 odore
666 621 867 669 careant,
887 611 1042 657 omnia
1067 610 1162 658 haec
1179 611 1390 674 jubentur
1408 610 1523 668 seri,

233 701 349 730 cum
369 686 493 730 Luna
522 683 598 729 sub
620 696 734 730 terra
753 684 835 730 fit:
866 683 1048 748 colligi,
1075 702 1177 731 cum
1205 685 1250 731 in
1288 685 1428 732 coitu.
1453 682 1524 729 Si-

246 775 304 803 ne
332 758 400 804 his
429 758 675 804 Menander
693 775 715 803 e
736 755 906 805 Graecis
927 760 1080 805 auctor
1099 758 1182 818 est,
1210 758 1363 805 allium
1389 758 1522 804 eden-

231 830 386 888 tibus,
408 832 440 876 fi
457 832 651 876 radicem
673 832 787 877 hetae
801 832 847 878 in
864 850 1008 895 pruna
1025 832 1181 878 tostam
1197 831 1522 895 superederint,

233 904 434 948 odorem
455 902 689 967 exstingui.
725 905 836 950 Sunt
858 905 938 969 qui
957 906 1007 952 δε
1022 905 1172 951 allium
1191 904 1393 968 ulpicum
1409 903 1526 950 inter

246 976 520 1037 Comp³talia
552 995 601 1023 ac
621 979 868 1024 Saturnalia
895 978 977 1024 seri
1003 979 1218 1042 aptissime
1249 989 1422 1041 putent.
1448 977 1528 1023 Al-

247 1048 360 1094 lium
392 1051 442 1095 ὅζ
466 1048 631 1096 semine
655 1052 903 1112 provenit,
940 1051 1012 1098 sed
1053 1053 1188 1099 tarde.
1222 1051 1376 1099 Primo
1404 1051 1524 1097 enim

231 1137 369 1166 anno
389 1122 513 1183 porri
537 1123 866 1169 crassitudinem
891 1124 1035 1186 capite
1054 1124 1215 1171 efficit:
1239 1123 1440 1188 sequenti
1462 1122 1525 1169 di-

247 1193 441 1252 viditur,
461 1195 597 1241 tertio
619 1195 973 1242 consummatur:
991 1195 1308 1260 pulchriusque
1326 1195 1413 1241 tale
1433 1194 1526 1240 exi-

232 1269 426 1316 ‘stimant
459 1271 654 1329 quidam.
691 1273 741 1316 In
762 1269 909 1317 semei]
929 1271 1050 1317 exire
1071 1287 1166 1316 non
1186 1270 1316 1316 debet
1331 1268 1440 1327 ,sed
1460 1268 1527 1313 in·

248 1342 451 1404 torqueri
477 1331 625 1388 ‘caulis
649 1341 762 1389 satus
789 1342 955 1405 gratia,
981 1341 1048 1387 uti
1072 1352 1207 1404 caput
1225 1339 1420 1387 validius
1438 1337 1527 1385 fiat.

250 1415 393 1473 Quod
431 1414 461 1460 si
496 1415 661 1461 diutius
695 1415 848 1461 allium
888 1431 1144 1478 caepamque
1179 1414 1431 1460 inveterare
1470 1411 1527 1458 li-

262 1498 374 1541 “eat,
410 1504 524 1548 aqua
555 1487 660 1534 salsa
695 1488 844 1550 tepida
880 1487 1089 1551 ungenda
1120 1487 1233 1532 sunt.
1271 1488 1334 1532 Ita
1357 1485 1528 1531 diutur-

251 1559 382 1604 niora
415 1558 548 1617 fient,
583 1560 858 1622 melioraque
889 1560 1017 1618 usui,
1047 1560 1121 1606 sed
1147 1560 1193 1605 in
1229 1559 1324 1606 satu
1352 1558 1529 1604 sterilia,

252 1631 345 1678 Alii
366 1632 569 1678 contenti
594 1631 695 1678 sunt
723 1633 872 1695 primo
904 1631 1031 1694 super
1056 1649 1220 1693 prunas
1240 1630 1529 1693 suspendisse,

253 1704 521 1768 abundeque
561 1705 622 1750 ita
658 1702 820 1767 profici
852 1703 1124 1750 arbitrantur
1160 1720 1215 1749 ne
1253 1703 1529 1766 germinent:

253 1777 378 1840 quod
415 1776 562 1823 facere
591 1777 742 1823 allium
775 1792 1033 1840 caepamque
1061 1788 1184 1821 extra
1213 1787 1376 1821 terram
1411 1789 1530 1838 quo-

253 1867 341 1913 que
375 1862 544 1897 certum
562 1850 648 1908 est,
678 1852 728 1897 &
749 1849 972 1897 cauliculo
1003 1850 1101 1895 ano
1124 1849 1407 1895 evanescere:
1432 1847 1531 1894 Ali—

255 1925 405 1987 qui&
426 1924 578 1971 allium
609 1925 734 1988 palea
763 1925 934 1988 optime
955 1923 1122 1970 servari
1150 1935 1322 1986 putant.
1359 1922 1530 1969 Allium

228 2010 232 2013 ⁷
257 1995 318 2041 est
342 1998 391 2042 ὅ(
420 1997 466 2042 in
501 1997 620 2044 arvis
646 1995 805 2059 sponte
832 1995 1012 2042 nascens
1029 2032 1042 2055 ‚
1067 1996 1188 2042 alum
1217 1996 1305 2042 hoc
1329 2007 1531 2043 vocant:

257 2069 382 2131 quod
416 2069 625 2115 adversus
657 2068 991 2131 improbitatem
1017 2068 1171 2115 alitum
1205 2066 1533 2130 depascentium

231 2159 233 2161 ·
258 2141 422 2188 semina
453 2142 656 2199 ecculm,
683 2158 739 2187 ne
771 2140 941 2187 renasci
967 2140 1101 2203 possit
1118 2176 1131 2198 ‚
1169 2138 1411 2201 abjicitur:
1449 2137 1533 2184 sta-

257 2213 431 2276 timque
454 2230 553 2276 quae
582 2214 862 2261 devoravere
888 2231 993 2261 aves
1013 2250 1026 2272 ,
1052 2213 1274 2276 stupentes
1301 2231 1438 2260 manu
1458 2229 1532 2259 ca-

257 2286 461 2348 piuntur:
494 2287 544 2332 &
571 2285 601 2331 fi
623 2287 807 2348 paulum
833 2302 1156 2344 commovere,
1175 2285 1344 2349 sopitae.
1378 2284 1452 2330 Est
1482 2285 1534 2331 δε

229 2376 233 2379 ’
257 2356 454 2404 silvestre
471 2393 485 2415 ‚
513 2357 638 2421 quod
658 2358 855 2408 ursinum
880 2370 1051 2405 vocant
1070 2394 1083 2417 ,
1105 2358 1247 2405 odore
1274 2356 1430 2417 molli,
1454 2371 1530 2404 ca-

228 2455 233 2461 ·
258 2431 350 2496 pite
376 2432 627 2495 praetenui,
659 2430 778 2478 foliis
801 2430 1052 2496 grandibus,
1382 2428 1384 2431 ’
