1653 2797
225 183 508 231 NATUR.
543 183 843 231 HISTOR.
878 184 1003 230 LIB.
1040 185 1241 231 XVIII.
1312 185 1397 232 281

127 304 288 339 contra
316 292 488 356 rigores
519 301 682 337 terram
709 289 923 354 flatusque
951 291 1120 355 operiri
1155 310 1180 339 a
1208 292 1250 340 se
1274 310 1400 339 ¹nun-

125 363 230 421 tiat‚
257 365 307 411 ὅ(
333 373 490 410 monet
521 359 740 407 festinare.

188 437 304 482 LXI.
338 436 483 480 Varro
516 431 563 477 in
589 429 703 477 fabae
727 430 882 495 utique
913 431 1008 478 satu
1032 433 1148 482 hanc
1187 433 1403 483 observa-—

124 508 295 555 tionem
326 504 541 554 custodiri
561 505 787 568 praecepit.
827 504 917 551 Alii
944 505 1076 568 plena
1104 509 1228 554 Luna
1260 508 1404 556 seren-

124 581 238 627 dam.
270 571 458 626 Lentem
494 593 610 624 vero
648 594 672 624 a
701 576 921 640 vigesimo
954 579 1115 640 quinto
1150 581 1203 625 ad
1234 581 1404 644 trigesi-

123 668 259 698 mum.
286 650 464 697 Viciam
485 667 668 714 quoque
692 649 844 696 iisdem
863 652 1003 696 Lunae
1033 650 1185 698 diebus
1205 670 1216 698 :
1247 653 1308 699 ita
1326 655 1405 700 de-

121 741 242 769 mum
267 722 357 769 fine
385 723 622 769 limacibus
652 722 766 769 fore.
802 722 999 782 Quidam
1019 724 1170 786 pabuli
1197 725 1324 772 causa
1345 727 1404 773 fic

120 796 204 843 seri
232 797 417 859 jubent,
446 796 622 843 seminis
646 809 793 843 autem
818 813 941 843 vere.
974 796 1048 843 Est
1072 800 1121 845 &
1145 798 1229 845 alia
1257 799 1403 846 mani-

121 869 276 917 festior
310 870 456 928 ratio,
488 869 761 916 mirabiliore
798 881 968 915 naturae
1004 870 1321 931 providentia,
1354 871 1403 917 in

120 959 208 1005 qua
245 906 484 990 Ciceronis
526 940 787 989 sententiam
822 940 960 1004 ipsius
995 941 1145 989 verbis
1178 941 1403 1042 subfigna-

119 1013 294 1061 bimus:

182 1131 281 1176 Iam
305 1149 396 1176 vero
422 1131 585 1192 fimper
614 1131 765 1176 viridis
782 1165 796 1188 ,
820 1131 1054 1192 fimperque
1078 1147 1255 1192 gravata

182 1205 396 1265 Lentiscus
418 1239 432 1262 ,
457 1207 613 1265 triplici
629 1204 765 1265 solita
792 1206 846 1271 est
870 1204 1128 1266 grandescere
1152 1203 1293 1262 foem:

186 1278 264 1323 Ter
267 1277 414 1339 fruges
421 1276 612 1336 fundens
622 1311 635 1333 ‚
653 1279 734 1322 tria
753 1293 934 1337 tempora
949 1278 1147 1344 monstrat
1162 1279 1332 1323 arandi.

119 1380 188 1425 Ex.
222 1378 289 1425 his
319 1396 461 1426 unum
485 1379 577 1427 hoc
606 1379 709 1438 erit,
738 1379 855 1426 idem
893 1381 944 1427 &
973 1379 1070 1426 lino
1093 1397 1144 1427 ac
1182 1379 1397 1443 papaveri

118 1451 320 1499 serendo,
363 1453 482 1500 Cato
521 1453 575 1499 de
604 1469 829 1515 papavere
862 1452 923 1498 ita
960 1453 1124 1500 tradit:
1161 1453 1316 1516 Virgas
1353 1454 1404 1500 &

118 1524 365 1583 sarmenta,
400 1542 503 1588 quae
537 1525 619 1571 tibi
656 1524 801 1571 usioni
846 1524 1137 1587 supererunt,
1176 1526 1225 1572 in
1260 1525 1402 1589 segete

118 1597 392 1646 comburito.
427 1598 515 1644 Ubi
548 1614 620 1643 eas
654 1597 970 1656 combusseris,
1004 1598 1068 1644 ibi
1103 1615 1302 1662 papaver
1329 1598 1399 1645 se-

115 1672 206 1717 rito
240 1670 467 1729 silvestre,
491 1670 618 1734 quod
644 1670 691 1716 in
720 1671 838 1718 miro
864 1670 946 1718 usu
979 1671 1041 1718 est
1065 1673 1197 1719 melle
1229 1673 1399 1719 deme-

115 1755 214 1791 tum
241 1745 298 1791 ad
327 1743 523 1792 faucium
548 1745 757 1793 remedia.
791 1744 960 1808 Visque
993 1744 1235 1792 somnifera
1265 1746 1402 1794 etiam

116 1816 272 1863 sativo.
305 1819 362 1863 Et
386 1818 600 1864 haetenus
622 1818 676 1864 de
702 1817 892 1864 hiberna
925 1813 1133 1864 semente.

183 1891 318 1936 LXII.
354 1891 527 1936 Verum
542 1903 593 1936 ut
611 1889 777 1952 pariter
797 1889 946 1935 omnis
967 1889 1152 1936 culturae
1173 1889 1405 1953 quoddam·

121 1961 401 2008 breviarium
444 1974 708 2026 peragatur,
746 1962 907 2008 eodem
938 1974 1142 2025 tempore
1181 1963 1404 2010 convenit

117 2036 168 2081 &
183 2036 363 2082 arbores
385 2034 657 2093 stercorare,
675 2035 954 2082 accumulare
980 2035 1087 2081 item
1105 2035 1290 2083 vineas:
1313 2036 1403 2082 suf-

116 2105 211 2153 ficit
239 2107 285 2153 in
303 2105 510 2172 jugerum
535 2123 699 2171 opera:
730 2109 780 2154 &
810 2106 888 2153 ubi
914 2107 1108 2170 patietur
1135 2108 1228 2155 loci
1254 2109 1398 2169 ratio,

115 2180 289 2227 arbusta
323 2197 373 2227 ac
405 2182 562 2228 vineas
596 2192 783 2243 putare,
816 2180 1059 2228 seminariis
1092 2181 1235 2230 solum
1268 2183 1397 2246 bipa-

118 2254 181 2300 lio
208 2271 456 2316 praeparare
473 2291 488 2311 ‚
517 2254 668 2302 incilia
695 2254 890 2317 aperire,
915 2272 1075 2318 aquam
1095 2256 1148 2302 de
1167 2273 1276 2319 agro
1296 2256 1402 2319 pel-⁴

117 2327 207 2374 lere
220 2364 233 2385 ‚
253 2328 451 2374 torcular
472 2327 624 2375 lavare
641 2330 692 2376 &
709 2329 967 2376 recondere.
1003 2332 1042 2376 A
1062 2329 1277 2377 Kalendis
1298 2331 1401 2377 No·-

119 2398 314 2444 vembris
335 2397 506 2461 gallinis
529 2400 898 2464 ovaJiip1)onere
920 2401 1070 2450 nolito
1084 2438 1097 2460 ‚
1128 2402 1275 2449 donec
1294 2402 1398 2449 bru-

116 2486 189 2517 ma
222 2468 504 2520 conficiatur.
543 2474 594 2519 In
625 2489 726 2524 eum
764 2473 882 2520 diem
916 2475 1159 2522 ternadena
1192 2472 1400 2537 subjicito
