1653 2797
199 179 837 230 NATUR.H18TOR.
875 180 1007 226 LlB.
1046 181 1257 229 XVIII.
1313 196 1403 243 297

127 290 199 337 vis
218 289 567 351 breviffimisque
588 287 794 333 noctibus
814 287 953 333 metui
969 323 980 343 ‚
999 287 1151 335 diebus
1172 305 1268 335 non
1288 288 1407 335 idem

126 365 293 410 valere.
337 365 553 409 Praeterea
588 372 678 407 tam
711 359 843 406 facile
877 361 1100 424 intelligi,
1133 375 1181 409 ut
1216 361 1409 408 formica

127 437 365 484 minimum
401 433 566 485 animal
602 432 848 480 interlunio
887 434 1116 496 quiescat,
1156 435 1408 498 plenilunio

127 512 261 557 etiam
297 509 502 557 noctibus
543 519 770 572 operetur.
814 508 962 554 Avem
994 524 1196 570 parram,
1233 510 1409 556 oriente

127 585 272 642 Sirio,
297 582 395 645 ipso
423 582 493 628 die
520 598 615 627 non
637 597 846 644 apparere
862 616 875 639 ‚
909 581 1055 628 donec
1076 584 1265 630 occidat.
1289 587 1324 630 E
1345 584 1410 630 di-

127 655 260 705 verso
280 656 517 703 vireonem
540 654 723 718 prodire
751 653 848 717 ipso
874 654 945 700 die
966 653 1153 700 solstitii.
1187 656 1410 702 Neutrum

127 746 242 775 vero
263 731 405 776 Lunae
439 727 598 774 statum
629 726 819 774 noxium
844 727 958 785 effe,
994 744 1049 773 ne
1080 728 1284 775 noctibus
1309 729 1411 792 qui-

127 802 258 860 dem,
287 801 368 848 nifi
388 801 575 858 serenis,
606 801 656 846 &
682 799 810 846 omni
836 817 941 846 aura
971 799 1255 864 quiescente:
1293 818 1411 865 quo-

126 875 248 921 niam
279 891 425 939 neque
444 874 491 920 in
518 873 663 931 nube,
690 888 835 935 neque
862 872 909 918 in
936 871 1047 920 flatu
1067 873 1232 921 cadunt
1256 891 1413 922 rores:

127 950 187 997 sic
211 966 394 1013 quoque
417 965 512 995 non
542 949 632 994 fine
667 947 881 994 remedio.

194 1022 340 1068 LXX.
357 1021 611 1078 Sarmenta,
632 1032 706 1066 aut
723 1020 948 1082 palearum
969 1036 1161 1068 acervos
1175 1056 1189 1079 ,
1212 1022 1261 1069 &
1277 1021 1413 1069 evul-

127 1093 191 1140 sas
214 1093 371 1139 herbas
399 1092 697 1157 fruticesque,
715 1109 796 1155 per
816 1092 969 1140 vineas
989 1093 1284 1157 camposque,
1310 1111 1413 1141 cum

128 1167 304 1214 tiiuebis
321 1202 334 1224 ‚
355 1166 615 1213 incendito:
649 1166 797 1213 fumus
822 1165 1086 1214 medebitur.
1121 1168 1207 1214 Hic
1228 1184 1251 1213 e
1273 1167 1412 1230 paleis

127 1244 178 1289 ὃς
209 1254 368 1288 contra
399 1240 578 1288 nebulas
609 1240 875 1298 auxiliatur,
913 1241 992 1287 ubi
1027 1241 1201 1287 nebulae
1229 1253 1416 1288 nocent.

128 1314 330 1372 Quidam
368 1325 456 1360 tres
491 1330 679 1361 cancros
709 1312 849 1361 vivos
875 1314 1060 1360 cremari
1087 1314 1242 1376 jubent
1272 1314 1319 1359 in
1339 1331 1412 1360 ar-

131 1386 294 1444 bustis,
325 1398 374 1433 ut
406 1386 669 1433 carbunculi
698 1402 793 1432 non
816 1397 1025 1432 noceant.
1058 1385 1147 1431 Alii
1174 1385 1296 1432 filuri
1318 1402 1415 1432 car-

130 1476 235 1505 nem
254 1458 416 1506 leviter
444 1457 515 1504 uri
542 1475 566 1504 a
590 1469 734 1503 vento
750 1492 764 1512 .,
794 1468 845 1502 ut
866 1474 944 1518 per
969 1469 1112 1504 totam
1133 1458 1314 1504 vineam
1338 1457 1412 1504 fu-

131 1548 229 1578 mus
258 1530 542 1595 dispergatur.
575 1533 721 1577 Varro
742 1532 896 1576 auctor
920 1530 1008 1589 est,
1039 1531 1070 1577 fi
1093 1531 1302 1578 Fidiculae
1328 1547 1413 1576 oc-

133 1604 233 1651 casu
255 1639 267 1662 ‚
304 1604 433 1667 quod
457 1603 519 1648 est
550 1601 727 1648 initium
754 1603 956 1648 autumni
979 1639 992 1661 ‚
1025 1621 1118 1650 uva
1145 1605 1261 1667 pi&a
1295 1621 1412 1650 con-

130 1677 326 1724 secretur
344 1676 460 1722 inter
489 1674 628 1733 vites,
645 1675 794 1722 minus
818 1692 984 1722 nocere
1002 1677 1296 1739 tempestates.
1324 1679 1414 1723 Ar-

132 1750 304 1797 chibius
329 1750 384 1796 ad
406 1748 686 1795 Antiochum
705 1749 850 1813 Syriae
879 1766 1029 1812 regem
1057 1750 1226 1813 scripsit
1243 1787 1256 1807 .,
1283 1750 1314 1797 fi
1333 1749 1431 1796 fic-'

132 1824 199 1869 tili
228 1839 361 1869 novo
394 1822 616 1869 obruatur
642 1823 800 1870 rubeta
836 1839 944 1870 rana
978 1823 1026 1870 in
1057 1824 1203 1870 media
1234 1822 1378 1888 segete
1397 1859 1412 1881 ‚

133 1914 229 1943 non
246 1897 330 1943 effe
348 1897 507 1943 noxias
526 1897 821 1960 tempestates.

214 1969 381 2015 LXXI.
412 1969 566 2030 Opera
594 1968 756 2015 rustica
784 1967 913 2031 hujus
945 1967 1208 2025 intervalli,
1247 1978 1412 2014 terram

134 2041 294 2088 iterare
312 2077 326 2099 ‚
350 2057 499 2098 arare,
526 2041 708 2088 arbores
738 2040 1095 2088 circumfodere:
1130 2041 1207 2087 ubi
1230 2040 1414 2087 aestuosa

136 2116 260 2180 regio
289 2113 468 2177 poscat,
488 2114 784 2161 accumulare.
816 2114 1123 2161 Germinantia
1137 2151 1149 2173 ‚
1170 2114 1250 2159 n'ifi
1271 2114 1318 2160 in
1339 2113 1414 2160 so·

136 2189 183 2235 lo
215 2185 450 2233 luxurioso
469 2223 484 2243 ‚
509 2185 722 2232 fodienda
755 2202 850 2232 non
884 2186 997 2234 sunt.
1030 2187 1274 2233 Seminaria
1304 2203 1414 2249 pur-

136 2258 227 2323 gari
262 2258 450 2305 sarculo.
492 2259 676 2305 Meffem
714 2259 1007 2307 hordeaceam
1044 2260 1202 2307 facere.
1252 2263 1416 2306 Aream

137 2333 192 2378 ad
239 2332 416 2378 meffem
464 2344 583 2379 creta
634 2348 880 2394 praeparare
901 2368 914 2391 ‚
954 2332 1141 2379 Catonis
1199 2330 1417 2377 sententia

137 2421 316 2451 amurca
346 2416 584 2467 temperata
606 2440 619 2462 ‚
652 2404 833 2468 Virgilii
868 2405 1114 2467 operofius.
1150 2403 1323 2464 Majore
1357 2419 1415 2449 ex

140 2489 265 2539 parte
307 2489 486 2542 aequant
523 2488 724 2538 tantum,
756 2479 806 2525 &
842 2475 952 2525 fimo
993 2475 1167 2524 bubulo
1205 2474 1415 2523 dilutiore
