1653 2797
175 195 966 246 NATUR.HIST.OR.LIB.
1000 192 1122 242 XV.
1241 212 1299 258 73

29 307 258 363 tinemut,
293 317 344 352 ut
372 301 857 369 granata.*Dep'endent
881 301 963 348 alia
997 301 1237 365 pediculis,
1255 316 1306 349 ut

29 381 139 444 pira.
175 379 276 426 Alia
307 376 519 432 racemis,
549 387 599 420 ut
631 391 764 432 uvae,
785 373 959 436 palmae.
993 375 1092 422 Alia
1111 378 1160 424 &
1179 376 1306 438 pedi-

29 454 141 502 culis
179 455 230 502 &
258 451 475 508 racemis,
512 460 562 496 ut
600 449 770 505 ederae,
806 448 1016 494 sambuci.
1050 450 1149 496 Alia
1181 468 1310 498 ramo

31 527 282 583 adhaerent,
308 536 359 570 ut
391 523 438 568 in
465 523 608 570 lauro.
649 520 868 582 Quaedam
901 533 1096 584 utroque
1127 525 1268 576 modo
1288 559 1304 581 ,

25 611 76 645 ut
101 598 252 645 olivae.
278 596 400 641 Nam*
423 597 472 641 &
496 595 659 641 breves
693 593 890 656 pediculi
925 597 974 640 &
997 594 1138 656 longi.
1166 595 1306 654 Quae-

25 669 126 716 dam
159 665 347 715 vasculis
375 664 610 722 constant,
647 677 695 711 ut
728 666 895 712 Punica
928 668 979 714 &
1003 665 1210 730 mespila,
1231 667 1304 714 loa

24 739 182 803 tosque
218 737 266 784 in
287 739 489 801 AEgypto
518 738 568 784 &
588 737 824 800 Euphrate.

85 813 180 859 Jam
213 827 327 868 vero
359 809 531 857 diversa
565 810 702 873 gratia
737 812 786 860 86
811 812 1158 859 commendatio.
1190 815 1306 860 Car-

20 903 78 932 ne
95 885 252 948 palmae
268 884 468 947 placent,
489 884 632 931 crusta
654 885 695 930 T
701 885 897 931 hebaicae
911 921 926 943 ,
945 885 1081 933 succo
1100 904 1204 934 uvae
1217 924 1230 946 ,
1253 890 1304 935 δέ

22 969 251 1022 caryotae:
288 956 406 1003 callo
441 956 538 1018 pira
568 973 619 1002 ac
650 957 764 1002 mala
784 993 797 1014 ,
834 973 1029 1019 corpore
1057 959 1322 1027 melimela,-

19 1049 151 1080 mora
169 1031 425 1094 cartilagine
439 1066 453 1087 ,
473 1031 626 1077 nuclei
644 1048 801 1094 grano.
827 1033 1047 1091 Quaedam
1064 1033 1111 1079 in
1124 1034 1303 1096 AEgypa-

21 1119 72 1152 to
102 1115 235 1160 cute,
261 1115 311 1149 ut
346 1101 514 1149 caricae.
555 1102 823 1148 Detrahitur
855 1102 951 1151 haec
985 1102 1081 1151 ficis
1109 1103 1304 1151 virenti-

21 1179 205 1235 bus‚.ut
228 1189 466 1239 putamen:
504 1175 659 1221 eadem
691 1176 738 1221 in
767 1176 889 1223 ficcis
916 1178 1110 1224 maxime
1146 1177 1305 1239 placet.

20 1255 70 1300 In
105 1251 292 1315 papyris
320 1252 371 1297 &
400 1249 583 1308 ferulis,
619 1248 831 1312 spinaque
869 1249 994 1308 alba,
1037 1250 1174 1298 caulis
1211 1251 1303 1313 ipse

19 1340 209 1387 pomum
227 1322 422 1369 est.Sunt
439 1324 488 1369 δέ
502 1319 657 1368 ficulni
676 1320 835 1367 caules.
856 1323 906 1367 In
924 1321 1143 1368 fruticoso
1166 1340 1300 1386 gene-

20 1414 96 1454 re,
126 1413 228 1445 cum
251 1395 374 1442 caule
393 1393 614 1457 capparis:
640 1393 686 1438 in
710 1392 878 1456 liliquis
896 1410 1019 1443 vero
1031 1395 1158 1458 quod
1176 1413 1300 1442 man·

21 1469 140 1515 ditur
160 1503 174 1525 ,
204 1466 312 1530 quid
337 1465 418 1512 nisi
445 1465 613 1528 lignum
645 1463 741 1510 est?
773 1481 868 1510 non
901 1465 1150 1513 omittenda
1168 1466 1300 1514 semi—-

20 1542 90 1588 nis
127 1556 279 1587 earum
311 1538 616 1602 proprietate:
653 1555 756 1584 nam
795 1555 943 1601 neque
977 1555 1175 1601 corpus,
1215 1558 1300 1589 nec

21 1613 189 1676 lignum
205 1647 219 1670 ,
245 1628 329 1657 nec
357 1610 569 1674 cartilago
590 1611 680 1658 dici
700 1610 847 1674 potest
864 1648 879 1670 ,
908 1628 1053 1676 neque
1071 1613 1192 1661 aliud
1211 1632 1300 1662 no-

19 1702 122 1732 men
153 1695 370 1731 mvemet.

83 1761 280 1806 XXXV.
295 1760 542 1808 Succorum
557 1774 712 1808 natura
737 1764 1007 1827 praecipuam
1033 1766 1297 1813 admiratio-

20 1851 124 1881 nem
153 1834 199 1879 in
223 1846 380 1899 myrto
405 1834 561 1894 habet,
577 1838 760 1901 quando
786 1856 842 1885 ex
859 1857 949 1886 una
976 1841 1182 1887 omnium
1205 1841 1297 1889 olei

21 1907 208 1970 vinique
238 1907 341 1955 bina
369 1924 530 1970 genera
560 1908 688 1958 fiunt.
730 1913 839 1958 Item
876 1913 1216 1976 myrtidanum,
1248 1925 1297 1960 ut

19 1980 225 2026 diximus.
261 1982 315 2026 Et
342 1981 453 2026 alius
486 1980 584 2027 usus
617 1983 766 2029 baccae
798 1982 882 2029 fuit
916 1984 1033 2046 apud
1059 1985 1296 2049 antiq1105‚

18 2067 256 2117 antequam
279 2053 406 2116 piper
432 2054 730 2117 reperiretur,
747 2055 864 2102 illius
883 2056 1092 2103 obtinens
1120 2057 1291 2105 vicem:

16 2127 213 2190 quodam
237 2126 369 2173 etiam
396 2127 599 2191 generosi
630 2127 808 2174 obsonii
836 2129 1022 2175 nomine
1044 2129 1146 2176 inde
1172 2143 1292 2178 trac*

17 2212 66 2245 to
87 2236 102 2255 ‚
134 2198 259 2262 quod
293 2198 424 2246 etiam
455 2217 575 2247 nunc
595 2213 844 2265 myrtatum
863 2214 1071 2249 vocatur.
1104 2205 1294 2252 Eade1n⁴

17 2290 103 2335 que
136 2271 313 2336 origine
353 2290 568 2335 aprorum
613 2274 744 2337 sapor
785 2278 1154 2336 commendatur,
1195 2278 1292 2341 pleo-

20 2362 208 2409 rumque
238 2345 293 2390 ad
325 2344 533 2393 intinctus
565 2347 723 2394 additis
757 2348 931 2412 myrtis.

81 2418 309 2464 XXXVI.
345 2418 493 2464 Arbor
510 2419 598 2481 ipsa
624 2420 670 2466 in
691 2424 883 2483 Europae
912 2422 1124 2469 citeriore
1145 2419 1257 2466 caelo
1275 2456 1289 2477 ‚

11 2491 140 2558 quod
169 2509 194 2540 a
220 2492 454 2542 Cerauniis
484 2494 714 2545 montibus
740 2495 929 2558 incipit,
959 2496 1157 2559 primum
1184 2494 1290 2542 Cir÷

808 2587 838 2594 x
