1653 2797
160 177 445 227 NATUR.
483 176 965 228 HISTOR.L113.
1003 180 1198 230 XV11.
1277 197 1366 247 157

85 287 165 334 diu
198 287 460 351 comperta?
496 286 546 333 In
579 285 797 334 Thessalia
833 288 950 334 circa
980 289 1188 337 Larissam
1215 290 1372 339 emiffo

85 361 188 408 lacu
206 360 416 425 frigidior
441 359 553 406 facia
569 375 620 404 ea
641 358 770 422 regio
788 359 850 404 est
863 395 877 418 ,
904 360 1108 424 oleaeque
1126 363 1372 424 desierunt,

87 451 188 498 quae
210 433 331 496 prius
350 431 541 478 fuerant.
564 432 675 476 Item
704 430 820 478 vites
840 432 995 489 aduri,
1017 435 1145 495 quod
1176 453 1272 482 non
1291 453 1374 483 an-

85 519 184 567 tea,
209 507 352 555 AEnos
385 504 514 551 sensit
547 504 733 551 admoto
767 506 939 552 Hebro.
970 508 1025 551 Et
1054 505 1172 553 circa
1201 510 1372 574 Philip-

85 599 172 646 pos
213 580 385 628 cultura
422 580 583 626 {iccata
617 579 744 642 regio
780 578 975 626 mutavit
1014 579 1112 626 caeli
1156 581 1375 633 habitum.

86 660 147 703 At
166 656 214 703 in
231 653 514 719 Syracusano
542 669 650 717 agro
678 653 853 700 advena
879 653 1031 700 cultor
1057 653 1282 717 elapidato
1303 657 1373 702 so-

86 730 134 776 lo
153 765 167 787 ‚
194 728 390 792 perdidit
420 727 570 792 fruges
601 728 698 774 luto
717 761 730 785 ,
763 727 910 775 donec
932 728 1104 792 regeffit
1125 729 1374 792 Iapides.1n

85 802 219 868 Syria
236 803 386 851 levem
403 803 526 850 tenui
546 801 669 849 sulco
690 802 956 865 imprimunt
980 819 1216 850 vomerem
1233 840 1247 863 ‚
1267 805 1376 869 quia

86 876 230 924 subest
262 876 415 924 saxum
442 893 633 924 exurens
670 877 816 924 aestate
851 876 1028 924 semina.
1063 879 1157 925 Jam
1192 879 1240 925 in
1269 879 1377 943 qui-

85 950 268 998 busdam
299 951 412 998 locis
445 951 605 998 similes
632 951 756 997 aestus
783 951 1047 1010 immodici,
1077 953 1127 998 &
1154 950 1374 1016 frigorum

86 1023 277 1071 effectus.
308 1024 382 1071 Est
407 1025 565 1072 fertilis
597 1025 792 1072 Thracia
819 1025 998 1089 frugum
1018 1061 1031 1083 ‚
1061 1024 1234 1088 rigore:
1263 1025 1378 1072 aesti-

87 1098 192 1156 bus,
216 1097 370 1145 Africa
384 1100 434 1146 δὲ
452 1099 690 1163 AEgyptus.
722 1100 772 1145 In
791 1097 976 1145 Chalcia
995 1098 1281 1145 Rhodiorum
1306 1098 1377 1144 in-

87 1171 179 1219 sula
206 1171 337 1219 locus
369 1173 551 1236 quidam
571 1172 632 1230 est
649 1173 695 1218 in
729 1184 906 1219 tantum
937 1171 1204 1230 foecundus,
1226 1184 1276 1218 ut
1294 1172 1379 1218 suo

88 1256 294 1308 tempore
330 1244 472 1291 satum
508 1245 734 1290 demetant
767 1243 988 1290 hordeum
1009 1279 1023 1302 ‚
1067 1242 1379 1308 sublatumque

87 1319 295 1381 protinus
319 1317 465 1365 serant
479 1354 492 1376 ,
517 1319 567 1366 &
585 1335 689 1365 curn
716 1316 816 1364 aliis
839 1316 1040 1381 frugibus
1060 1330 1243 1363 metant.
1265 1316 1378 1365 Gla-

85 1391 265 1438 reosum
288 1391 400 1438 oleis
428 1391 571 1438 solum
603 1390 875 1454 apti-{limum
897 1390 944 1436 in
964 1390 1227 1437 Venafrano
1241 1428 1254 1448 ,
1277 1391 1377 1454 pin-

86 1464 340 1528 guiffimum
371 1464 417 1510 in
444 1465 619 1514 Baetica.
644 1464 812 1511 Pucina
841 1463 950 1510 vina
973 1462 1018 1508 in
1040 1463 1148 1509 saxo
1169 1479 1375 1526 coquun-

85 1549 173 1584 tur.
208 1536 419 1584 Caecubae
448 1538 565 1585 vites
597 1539 645 1585 in
679 1536 886 1583 Pomtinis
913 1535 1151 1599 paludibus
1181 1537 1378 1583 madent.

88 1613 235 1660 Tanta
265 1612 327 1659 est
360 1623 759 1677 argumentorum,
789 1628 841 1658 ac
862 1610 946 1657 soli
975 1610 1193 1670 varietas,
1221 1628 1272 1657 ac
1291 1609 1382 1657 dif-

90 1686 291 1734 ferentia.
326 1685 475 1733 Caesar
496 1685 722 1749 Vopiscus
742 1721 757 1742 ‚
786 1702 890 1733 cum
922 1684 1095 1732 causam
1118 1686 1236 1749 apud
1258 1687 1378 1732 Cen«

89 1757 210 1806 sores
235 1772 411 1824 ageret,
443 1774 629 1822 campos
651 1757 809 1804 Roseae
840 1758 954 1806 dixit
982 1759 1118 1805 Italiae
1143 1759 1294 1806 fiumen
1316 1758 1380 1806 es-

90 1831 171 1890 se,
195 1833 242 1879 in
268 1834 431 1897 quibus
460 1834 650 1897 perticas
678 1832 821 1896 pridie
859 1831 1030 1880 relicias
1063 1851 1243 1898 gramen
1269 1850 1379 1898 ope-

90 1906 226 1952 riret:
266 1907 339 1953 sed
372 1923 469 1954 non
505 1907 587 1953 nisi
629 1907 684 1954 ad
719 1906 937 1970 pabulum
970 1908 1235 1970 probantur.
1270 1908 1382 1953 Non

92 1991 242 2026 tamen
279 1980 502 2027 indociles
533 1993 690 2028 natura
718 1998 808 2029 ,nos
850 1981 933 2029 effe
970 1981 1148 2039 voluit,
1187 1983 1237 2028 ὃς
1268 1980 1381 2027 vitia

94 2050 292 2102 confeffa
319 2051 428 2099 fecit
446 2088 460 2110 ‚
489 2052 623 2098 etiam
657 2053 737 2100 ubi
756 2054 885 2105 bona
920 2067 1037 2101 certa
1074 2070 1169 2101 non
1199 2053 1381 2101 fecerat.

93 2124 405 2184 Quamobrem
438 2125 636 2189 primum
672 2126 862 2173 crimina
895 2127 1107 2174 dicamus.

160 2199 347 2246 Terram
374 2216 591 2257 amaram,
623 2200 716 2247 five
748 2217 942 2249 macram
962 2238 976 2259 ‚
1001 2201 1033 2247 fi
1064 2200 1163 2265 quis
1189 2202 1382 2265 probare
1438 2213 1440 2215 ’

94 2272 207 2319 velit
228 2309 242 2331 ‚
274 2273 580 2320 demonstrant
609 2291 679 2322 eas
706 2288 813 2323 atrae
841 2275 1167 2340 degeneresque
1199 2277 1379 2323 herbae:

93 2344 299 2408 frigidam
328 2359 476 2393 autem
495 2383 509 2406 ,
537 2349 757 2395 retorride
788 2361 902 2396 nata.
938 2352 1047 2396 Item
1078 2348 1376 2412 uliginosam,

94 2419 261 2467 tristia:
293 2421 518 2468 rubricam
538 2423 687 2482 oculi,
709 2424 998 2488 argillamque
1012 2460 1025 2482 ‚
1046 2423 1177 2487 operi
1207 2421 1382 2470 difficil-

94 2491 246 2553 limas,
274 2510 462 2559 quaeque
494 2495 656 2545 rastros
690 2514 742 2546 ac
768 2514 975 2546 vomeres
1005 2497 1261 2562 ingentibus
1293 2497 1383 2561 gle-
