1653 2797
208 171 496 267 NATUR.
530 187 839 235 HisTOR.
881 187 1012 232 ΜΒ.
1048 186 1168 232 XV.
1285 201 1346 246 77

0 304 1 314 ¹
72 301 313 364 spadonia,
344 299 455 346 mira
489 295 723 359 opacitatis
753 293 997 356 patientia:
1032 294 1180 356 itaque
1206 308 1351 356 quan-

74 375 227 423 talibet
256 374 337 420 sub
367 371 521 418 umbra
549 368 693 414 solum
727 366 896 428 implet.

137 448 211 495 Est
229 449 279 495 ὅτ.
298 442 642 505 chamaedaphne
659 440 868 487 filvestris
894 439 1054 486 frutex.
1082 440 1155 486 Est
1174 442 1224 487 &
1243 439 1349 486 Ale-

76 522 318 577 xandrina,
346 534 481 581 quam
509 516 648 579 aliqui
679 515 868 573 Idaeam,
904 514 979 560 alii
1009 514 1319 576 hipoglottion
1336 548 1352 569 ‚

74 595 149 642 alii
174 595 364 642 Danaen
381 627 395 649 ,
413 590 487 636 alii
512 587 847 653 carpophyllon
866 623 880 645 ,
907 587 982 633 alii
998 587 1242 651 hypelaten
1262 602 1354 632 vo-

77 677 193 713 cant.
229 665 396 710 Ramos
432 660 596 724 spargit
627 677 652 706 a
684 660 832 706 radice
865 659 1181 717 dodrantales,
1219 675 1354 704 coro-

74 737 185 785 narii
205 735 354 799 operis
372 770 388 790 ,
426 732 542 780 folio
568 731 768 779 acutiore
792 749 926 795 quam
951 731 1115 795 myrti,
1143 731 1354 777 molliore

74 815 125 860 &
143 809 401 858 candidiore
418 844 431 866 ‚
458 809 508 854 &
523 805 718 867 majore:
750 805 914 851 semine
938 805 1054 852 inter
1069 804 1180 852 folia
1200 805 1354 851 rubro.

74 885 269 932 Plurima
292 883 340 929 in
364 883 437 929 Ida
453 919 466 940 ,
494 882 544 928 &
563 881 679 927 circa
702 879 961 926 Heracleam
989 879 1152 937 Ponti,
1180 896 1263 925 nec
1283 879 1357 924 ni-

76 961 109 1007 fi
137 960 184 1005 in
205 955 466 1005 montuofis.
493 955 543 1002 Id
563 970 747 1016 quoque
765 989 778 1011 ‚
807 953 934 1015 quod
962 952 1237 1015 daphnoides
1264 969 1357 999 vo-

78 1044 202 1079 catur
216 1067 233 1096 ,¹
256 1046 392 1094 genus
405 1064 418 1087 ,
435 1028 482 1073 in
501 1027 741 1073 nominum
760 1025 929 1071 ambitu
941 1023 1013 1070 est.
1034 1024 1125 1070 Alii
1144 1024 1264 1071 enim
1277 1025 1359 1069 Pe·-

80 1103 245 1167 lasgum
264 1138 278 1160 ,
311 1101 387 1148 alii
415 1099 655 1162 eupetalon
677 1135 691 1157 ,
724 1098 800 1144 alii
829 1097 1078 1160 stephanon
1108 1096 1357 1144 Alexandri

79 1193 267 1228 vocant.
285 1182 342 1226 Et
364 1179 437 1224 hic
457 1177 605 1223 frutex
621 1176 682 1222 est
700 1174 924 1232 ramosus,
947 1174 1150 1221 craffiore
1168 1190 1218 1219 ac
1237 1172 1360 1218 mol-

80 1255 192 1302 liore
209 1290 223 1312 ,
251 1269 386 1316 quam
416 1251 591 1308 laurus,
618 1248 762 1295 folio:
795 1247 920 1310 cujus
949 1247 1122 1310 gustatu
1148 1246 1358 1292 accendi-

83 1342 154 1376 tur
176 1345 228 1374 os
256 1338 389 1390 atque
415 1337 563 1388 guttur
580 1360 594 1382 ,
617 1324 765 1370 baccis
789 1340 813 1369 e
842 1322 972 1385 nigro
996 1320 1115 1367 rufis.
1137 1322 1360 1366 Notatum

84 1402 301 1461 antiquis,
319 1399 494 1447 nullum
514 1414 652 1462 genus
674 1397 786 1443 lauri
802 1398 851 1443 in
867 1395 1051 1443 Corsica
1067 1394 1192 1441 fuiffe
1208 1413 1218 1440 τ
1236 1393 1364 1458 quod

83 1462 206 1522 nunc
230 1473 367 1520 satum
394 1473 444 1519 &
471 1471 534 1517 ibi
561 1470 792 1534 provenit.
878 1528 884 1535 Ι

155 1549 250 1594 XL.
277 1545 371 1608 Ipsa
397 1543 618 1608 pacifera,
650 1556 699 1589 ut
731 1560 864 1606 quam
883 1540 1102 1605 praetendi
1131 1540 1266 1587 etiam
1293 1539 1362 1585 in-

84 1631 152 1665 ter
180 1630 375 1665 armatos
414 1616 560 1662 hostes
596 1615 759 1677 quietis
795 1615 848 1660 fit
882 1615 1112 1662 indicium.
1145 1613 1365 1659 Romanis

83 1692 312 1756 praecipue
349 1690 516 1736 laetitiae
552 1690 940 1753 victoriarumque
987 1689 1143 1735 nuntia
1185 1689 1365 1735 additur

84 1766 223 1812 literis
241 1801 255 1823 ‚
284 1767 335 1812 &
362 1764 554 1811 militum
581 1763 771 1822 lanceis,
803 1763 1007 1826 pilisque.
1042 1763 1193 1809 Fasces
1221 1765 1365 1824 Impe-

86 1852 290 1886 ratorum
309 1832 503 1887 decorat.
523 1840 592 1884 Ex
610 1838 678 1884 his
699 1837 745 1884 in
764 1837 934 1901 gremio
953 1838 1078 1886 Iovis
1098 1837 1261 1900 optimi
1280 1854 1368 1883 ma-

87 1913 288 1976 ximique
312 1911 582 1974 deponitur,
604 1910 781 1975 quoties
804 1910 1002 1957 laetitiam
1029 1926 1156 1956 nova
1172 1910 1368 1957 vietoria

89 1985 252 2032 attulit.
287 1985 422 2048 quue
459 2001 555 2030 non
586 1984 689 2047 quia
719 1997 941 2046 perpetuo
969 1982 1117 2041 viret,
1149 1999 1233 2029 nec
1261 1983 1370 2045 quia

90 2058 284 2124 pacifera
317 2058 404 2116 est,
427 2057 701 2121 praeferenda
731 2057 772 2103 ei
799 2069 996 2121 utroque
1025 2058 1148 2115 olea,
1168 2056 1241 2103 sed
1263 2056 1371 2119 quia

89 2132 391 2196 spectatiffima
433 2132 480 2178 in
522 2145 679 2178 monte
723 2130 931 2178 Parnasso
952 2149 963 2177 :
1001 2131 1195 2191 ideoque
1236 2129 1371 2176 etiam

91 2217 212 2268 grata
230 2204 433 2267 Apollini
450 2241 466 2262 ,
497 2204 669 2251 affuetis
691 2220 748 2250 eo
776 2204 895 2251 dona
923 2205 1098 2250 mittere
1122 2192 1210 2265 jam
1236 2205 1286 2251 &
1303 2220 1370 2250 re·-

93 2277 220 2341 gibus
249 2275 492 2335 Romanis,
519 2275 627 2322 teste
658 2278 705 2322 L.
736 2277 890 2322 Bruto.
922 2275 1127 2321 Fortaffis'
1157 2273 1290 2319 etiam
1323 2273 1370 2318 in

95 2360 437 2413 argumentum,
467 2351 682 2412 quoniam
710 2349 771 2395 ibi
804 2349 1054 2395 libertatem
1086 2347 1310 2413 publicam
1333 2347 1372 2392 is

93 2424 342 2482 meruisset,
375 2423 631 2470 lauriferam
665 2424 868 2470 tellurem
899 2423 1021 2468 illam
1055 2421 1277 2468 osculatus
1312 2437 1371 2467 ex

93 2496 323 2560 responso.
365 2499 420 2544 Et
455 2496 561 2560 quia
596 2513 730 2544 manu
770 2495 960 2544 satarum
999 2507 1372 2558 receptarumque
