1653 2797
365 181 655 228 NATUR.
689 180 1000 226 H1sT0R.
1035 178 1167 229 ΜΒ.
1199 177 1318 228 XX,
1407 183 1500 238 427

225 288 376 339 radice
404 306 454 335 ea
472 289 616 335 addita
635 286 861 334 addensari
880 285 957 333 sub
987 285 1088 346 dio,
1108 298 1241 354 atque
1261 283 1504 334 laftescere.

225 362 467 408 Efficacior
491 373 666 419 autem,
699 376 794 423 quo
826 359 1066 407 recentior.
1188 404 1195 409 .

291 436 526 481 LXXXV.
558 435 654 480 Nec
688 432 920 495 lapathum
955 431 1177 480 dissimiles
1211 432 1387 480 effeetus
1421 431 1505 478 ha·-

226 508 315 556 bet.
347 508 421 555 Est
449 520 596 555 autem
621 510 670 555 &
687 506 912 566 silvestre,
941 509 1063 571 quod
1084 507 1158 567 alii
1184 508 1408 554 oxalidern
1425 523 1506 570 ap-

224 580 428 643 pellant,
463 580 621 643 sapore
656 580 949 643 proximum,
986 579 1106 626 foliis
1143 580 1309 637 acutis,
1345 579 1511 626 colore¹

225 653 339 699 betae
369 652 597 708 candidae‚
628 651 777 698 radice
807 650 1016 697 minima:
1051 650 1192 696 nostri
1217 668 1330 697 vero
1362 650 1506 697 rumi-

226 741 351 785 cem,
385 724 462 771 alii
483 724 710 787 lapathum
736 724 1076 781 cantherinum,
1106 724 1160 770 ad
1187 725 1371 771 strumas
1404 741 1506 770 cum

225 797 419 861 axungia
453 795 812 843 efficaciffimum.
845 795 916 841 Est
942 795 1193 844 &alterum
1223 814 1361 860 genus
1388 795 1507 852 fere,

226 868 540 932 oxylapathon
565 879 739 918 vocant
754 903 768 926 ,
793 866 937 913 sativo
968 867 1085 914 idem
1108 867 1313 926 similius,
1333 869 1383 915 &
1406 885 1509 914 acu-

230 940 348 986 tiora
377 939 510 986 habet
536 939 646 986 folia
671 957 720 986 ac
752 940 984 996 rubriora‚
1016 957 1111 986 non
1140 940 1220 986 nifi
1241 941 1286 986 in
1310 940 1511 1004 palustri

227 1013 310 1060 bus
344 1012 538 1060 nascens.
576 1015 688 1060 Sunt
729 1013 807 1076 qui
845 1013 1212 1077 hydrolapathon
1246 1014 1428 1060 tradunt
1462 1013 1511 1060 in

227 1101 338 1147 aqua
369 1096 535 1132 natum.
574 1085 646 1132 Est
676 1087 725 1133 &
752 1085 871 1131 aliud
900 1085 1255 1148 hippolapathon
1276 1086 1416 1146 majus
1440 1085 1508 1132 sa-

226 1160 331 1206 tivo
349 1196 365 1217 ,
397 1158 709 1222 candidiusque
725 1196 739 1217 ‚
760 1177 811 1206 ac
840 1158 1022 1222 spiffius.
1055 1160 1280 1207 Silvestria
1298 1159 1508 1221 scorpio-v

229 1252 336 1280 num
357 1233 515 1280 iffibus
545 1233 779 1279 medentur
795 1268 809 1290 ‚
841 1233 889 1279 ὅ(
916 1230 1045 1278 ferire
1071 1230 1316 1295 prohibent
1339 1231 1510 1277 haben-

228 1319 307 1354 tes.
344 1305 491 1352 Radix
524 1321 652 1352 aceto
675 1305 860 1352 deco6la
886 1304 918 1350 fi
948 1305 1124 1352 coletur
1142 1341 1155 1363 ‚
1185 1305 1338 1352 succus
1360 1303 1510 1350 denti-

228 1381 312 1427 bus
339 1378 604 1426 auxiliatur:
641 1379 673 1424 fi
703 1395 818 1424 vero
839 1379 1045 1436 bibatur,
1071 1380 1236 1425 morbo
1262 1378 1400 1441 regio.
1430 1378 1508 1423 Se-

228 1470 334 1500 men
364 1452 585 1499 stomachi
614 1451 945 1499 inextricabilia
977 1452 1089 1499 vitia
1122 1452 1254 1500 sanat.
1287 1450 1510 1514 Hippola-

229 1526 352 1590 pathi
389 1525 558 1575 radices
596 1524 810 1588 privatim
845 1542 1015 1588 ungues
1045 1525 1222 1572 scabros
1255 1525 1509 1571 detrahunt.

233 1597 564 1662 Dysentericos
595 1596 742 1642 semen
763 1596 934 1642 duabus
965 1595 1184 1642 drachmis
1216 1597 1263 1641 in
1289 1595 1403 1641 vino
1428 1611 1511 1657 po·

229 1685 326 1719 tum
352 1672 525 1718 liberat.
564 1670 848 1732 Oxylapathi
869 1670 1016 1718 semen
1047 1670 1191 1717 lotum
1219 1671 1264 1717 in
1283 1688 1399 1733 aqua
1424 1686 1510 1716 cae-

227 1745 352 1802 lesti,
379 1743 634 1807 sanguinem
671 1742 975 1804 rejicientibus
1006 1742 1169 1803 adjecta
1199 1743 1347 1790 acacia
1376 1742 1509 1789 lentis

230 1817 538 1899 magnitudine
572 1815 765 1880 prodest.
801 1816 1179 1864 Praestantiffimos
1212 1816 1411 1880 pastillos
1447 1815 1510 1862 fa-

231 1891 356 1938 ciunt
375 1908 432 1936 ex
450 1889 570 1937 foliis
598 1893 647 1938 &
672 1890 842 1948 radice,
875 1891 1028 1937 addito
1054 1891 1175 1938 nitro
1197 1893 1245 1942 ὃς
1261 1890 1393 1937 thure
1413 1889 1512 1936 exi-

230 1980 338 2028 guo.
374 1966 422 2010 In
452 1962 532 2008 usu
551 1974 680 2008 aceto
709 1962 897 2009 diluunt.

304 2035 558 2081 LXXXVI.
587 2034 673 2080 Sed
704 2033 938 2080 sativum
927 2052 975 2082 in
1003 2032 1233 2097 epiphoris
1266 2034 1509 2082 oculorum

232 2108 413 2156 illinunt
443 2106 682 2153 frontibus,
726 2107 893 2154 Radice
938 2107 1132 2154 lichenas
1169 2110 1218 2156 &
1251 2109 1394 2172 lepras
1431 2127 1512 2156 cu-

232 2192 344 2228 rant.
375 2183 424 2226 In
450 2179 565 2226 vino
584 2195 698 2225 vero
721 2179 902 2226 decOCta
916 2216 930 2238 ,
957 2180 1138 2227 strumas
1155 2217 1170 2237 ‚
1191 2183 1240 2229 &
1258 2182 1510 2245 parotidas,

233 2257 284 2304 &
313 2253 524 2301 calculos.
560 2253 671 2298 Pota
707 2253 820 2299 vino
858 2256 907 2302 &
949 2254 1086 2300 lienes
1119 2254 1260 2312 illita,
1296 2255 1513 2302 coeliacos

234 2342 387 2389 aeque,
406 2326 455 2372 &
480 2323 785 2388 dysentericos
806 2361 818 2382 ,
839 2327 885 2373 &
907 2325 1143 2373 tenesmos.
1178 2325 1250 2372 Ad
1269 2327 1510 2391 eademque

235 2398 389 2455 omnia
427 2397 650 2443 efficacius
684 2395 751 2458 jus
786 2396 979 2460 lapathi:
1016 2399 1066 2447 δε
1101 2399 1248 2445 rufi-us
1288 2399 1515 2458 facit‚⁴&

234 2470 411 2517 urinam
430 2469 516 2517 ciet
534 2506 551 2528 ,
575 2471 625 2517 &
641 2469 876 2535 caliginem
894 2469 1137 2520 oculorum
1167 2469 1344 2536 discutit
1363 2490 1374 2519 :
1406 2471 1515 2518 item
