1653 2797
239 156 1221 208 NATUR.H15TOR.LIB.X-v>1.
1325 173 1413 223 109

203 265 339 314 XLII.
371 269 440 313 Ex
462 265 558 323 his,
589 281 687 327 quae
718 263 863 309 hieme
888 265 1051 328 Aquila
1079 265 1312 312 exoriente
1341 265 1415 331 (ut

140 336 360 402 diximus)
377 336 667 399 concipiunt,
682 335 816 381 floret
828 336 969 398 prima
987 338 1188 384 omnium
1209 339 1415 404 amygda-

140 409 184 455 la
208 409 355 456 mense
378 407 615 457 Januario:
651 407 818 453 Martio
850 423 965 453 vero
1000 419 1186 470 pomum
1209 422 1418 458 maturat.

140 482 214 528 Ab
240 499 289 529 ea
323 479 531 543 proxime
551 479 719 526 florent
753 480 1047 539 Armeniaca,
1079 481 1181 527 dein
1212 483 1417 543 tuberes,

142 555 195 602 &
228 570 486 617 praecoces:
517 552 605 598 111ae
634 552 904 616 peregrinae,
930 553 998 599 hae
1029 555 1209 609 coaffle.
1242 557 1419 605 Ordine

140 637 290 673 autem
321 635 519 682 naturae,
541 623 807 672 silvestrium
834 625 990 688 primae
1009 661 1023 683 ‚
1059 625 1316 687 sambucus,
1345 631 1419 677 cui

139 698 336 745 medulla
369 698 585 762 plurima:
623 698 673 745 δε
711 698 783 744 cui
821 698 973 757 nulla,
1007 707 1175 747 co‘rnus
1212 702 1420 751 mascula.

142 771 425 819 Urbanarum
442 808 456 831 ‚
482 770 650 818 malus:
675 786 913 834 parvoque
942 769 1043 833 post
1062 807 1076 830 ,
1111 783 1161 818 ut
1191 772 1317 818 simul
1344 774 1419 819 vi—

140 844 236 891 deri
256 844 391 907 poffit
406 881 423 902 ,
443 844 593 908 pirus,
617 845 667 890 &
695 842 863 890 cerasus
879 879 892 901 ‚
923 844 973 889 &
997 860 1181 906 prunus.
1213 844 1422 909 Sequitur

141 915 316 975 laurus,
347 917 559 981 illamque
589 917 840 979 cupreffus:
878 916 980 962 dein
1011 917 1209 976 Punica,
1236 916 1325 964 fici.
1363 921 1423 966 At

141 989 259 1037 vites
292 991 341 1037 &
366 989 480 1035 oleae
508 987 776 1035 florentibus
800 985 890 1050 jam
913 987 965 1034 iis
996 988 1256 1052 germinant.
1288 991 1422 1037 Con-

140 1064 318 1127 cipiunt
344 1062 642 1127 Vergiliarum
677 1075 856 1109 exortu.
895 1063 997 1109 Hoc
1014 1063 1130 1108 fidus
1151 1063 1328 1110 illarum
1347 1065 1424 1113 est.

143 1135 295 1184 Floret
329 1148 476 1184 autem
512 1135 701 1182 solstitio
732 1135 869 1194 vitis,
907 1138 957 1183 ὃς
988 1153 1087 1199 quae
1119 1136 1257 1199 paulo
1288 1135 1423 1184 serius

143 1208 328 1272 incipit,
357 1209 469 1255 olea.
504 1207 824 1255 Deflorescunt
843 1209 997 1256 omnia
1027 1209 1215 1272 septenis
1241 1208 1422 1269 diebus,

145 1301 241 1331 non
275 1283 481 1331 celerius:
513 1283 716 1346 quaedam
751 1282 946 1341 tardius,
976 1283 1049 1329 sed
1073 1283 1194 1328 nulla
1222 1283 1424 1345 pluribus

144 1357 213 1404 -bis
241 1356 444 1421 septenis.
481 1356 649 1402 Omnia
680 1359 730 1405 &
761 1357 879 1403 intra
908 1369 1002 1402 v111
1040 1355 1140 1401 Idus
1175 1355 1301 1414 Julii,
1329 1367 1424 1402 ete-
1475 1415 1478 1418 ᾗ

142 1429 301 1476 starum
334 1428 576 1492 praecursu.

211 1503 368 1549 XLIII.
404 1504 502 1549 Nec
527 1500 669 1548 statim
705 1497 872 1544 fruetus
896 1497 1094 1562 sequitur
1124 1498 1172 1544 in
1190 1499 1423 1564 aliquibus.

147 1577 329 1622 Cornus
360 1575 480 1621 enim
517 1574 635 1620 circa
679 1569 860 1617 solstitia
904 1570 1051 1616 reddit
1083 1572 1232 1633 primo
1268 1574 1425 1620 candi-

144 1650 277 1707 dum,
301 1647 454 1713 postea
473 1647 775 1710 sanguineum.
797 1646 865 1689 Ex
884 1660 940 1690 eo
959 1660 1119 1708 genere
1136 1644 1303 1692 femina
1324 1646 1426 1709 post

146 1736 408 1771 autumnum
422 1722 508 1769 fert
525 1722 684 1768 baccas
704 1720 906 1779 acerbas,
922 1722 972 1766 &
989 1719 1275 1784 ingustabiles
1289 1739 1425 1769 cunc‘

145 1799 203 1845 tis
231 1797 553 1846 animantibus:
583 1797 708 1860 ligno
738 1811 920 1858 quoque
946 1793 1132 1858 fungosa
1151 1796 1202 1841 ὃ(
1228 1796 1429 1854 inutilis,

149 1889 251 1918 cum
285 1888 378 1918 mas
407 1888 430 1917 e
466 1869 712 1916 fortissimis
733 1884 920 1932 quoque
947 1868 1022 1914 fit:
1058 1880 1181 1914 tanta
1217 1868 1427 1916 differen-

149 1943 208 1990 tia
237 1944 291 1990 ab
319 1943 480 1990 eodem
514 1959 674 2006 genere
694 1940 757 1987 fit.
785 1939 872 1986 Sed
901 1942 949 1987 δέ
981 1940 1256 1986 terebinthus
1280 1942 1428 1988 meffi⁴

151 2016 233 2064 bus
266 2016 410 2064 reddit
438 2016 611 2075 semen,
635 2018 687 2063 &
709 2030 840 2072 acer,
872 2016 922 2061 &
943 2013 1168 2061 fraxinus:
1193 2032 1330 2061 nuces
1346 2048 1360 2074 ,
1379 2017 1431 2061 δι’

153 2092 291 2151 mala,
321 2094 370 2140 &
393 2092 511 2156 pira,
537 2104 831 2155 praeterquam
851 2089 1059 2148 hiberna,
1089 2102 1165 2136 aut
1183 2091 1429 2153 praecocia,

151 2177 384 2211 autumno.
419 2163 692 2212 Glandiserae
730 2162 863 2211 serius
900 2163 1177 2221 etiamnum,
1213 2163 1429 2225 Vergilia-

153 2254 251 2284 rum
280 2236 467 2284 occasu:
494 2237 664 2285 esculus
698 2247 871 2283 tantum
912 2247 1142 2282 autumno.
1184 2236 1430 2297 Incipiente

151 2323 300 2358 autem
319 2310 464 2357 hieme
490 2312 692 2375 quaedam
718 2326 879 2374 genera
901 2309 1033 2367 mali,
1052 2309 1229 2373 pirique
1250 2343 1264 2365 ‚
1285 2311 1334 2354 ὀί
1362 2307 1432 2353 su·-

156 2384 248 2432 ber.
273 2384 406 2430 Abies
433 2383 568 2430 flores
589 2383 716 2431 croci
741 2383 898 2429 colore
919 2383 1037 2429 circa
1069 2380 1332 2439 solstitium,
1368 2380 1429 2426 se-

152 2473 257 2505 men
286 2457 433 2507 reddit
467 2457 568 2521 post
589 2456 889 2522 Vergiliarum
921 2454 1143 2503 occasum„
1180 2455 1316 2502 Pinus
1351 2470 1430 2501 au-
