1653 2797
234 175 327 227 390
502 151 1273 205 C.›PL1N11sECUND1

229 266 370 314 <bacis
392 265 627 313 illinuntur
647 265 774 327 super
794 263 1006 311 sinistram
1024 281 1263 311 mammam
1285 280 1341 310 ex
1360 276 1504 313 acetO.

233 340 405 384 Omnes
433 337 500 383 hae
527 340 575 385 ὅς
607 337 858 400 podagricis
880 337 1009 384 utiles
1027 375 1041 396 ‚
1075 339 1124 384 &
1153 337 1410 401 sanguinem
1439 353 1504 383 re-

229 405 483 472 jicientibus
501 428 512 455 :
533 411 639 456 item
659 410 818 472 quibus
841 410 1043 473 genitura
1062 410 1170 456 fluat
1184 446 1197 467 ,
1217 409 1390 455 alterno
1414 410 1504 456 die-

229 501 328 529 rum
348 498 474 545 potu.
502 484 739 530 Petronius
757 483 992 530 Diodotus
1004 519 1017 540 ,
1034 483 1111 546 qui
1124 482 1506 545 anthologoume-

230 574 287 602 na
311 555 505 618 scripsit,
547 556 594 602 in
621 568 769 602 totum
796 556 1027 602 damnavit
1051 555 1164 600 serin
1189 555 1338 601 multis
1357 553 1506 601 modis

228 647 431 694 arguens.
467 631 551 677 Sed
570 631 763 677 aliorum
783 630 987 677 omnium
1008 629 1167 692 opinio
1184 629 1350 676 resistit.

311 703 530 750 XXXIII.
560 702 759 749 Brafficae
790 702 936 748 laudes
970 701 1159 764 longum
1191 699 1253 747 est
1284 696 1504 764 exsequi,

226 770 333 822 'cum
362 777 412 822 ὃ(
441 776 723 839 Chrysippus
751 776 948 823 medicus
978 775 1190 836 privatim
1222 775 1438 823 volumen
1463 775 1505 821 ei

229 847 449 893 dicaverit
465 884 479 904 ‚
511 864 591 910 per
612 847 781 911 singula
808 849 1006 895 membra
1032 847 1231 894 hominis
1262 845 1473 910 digestum
1489 882 1506 904 ‚

230 922 280 971 &
298 919 553 968 Dieuches:
585 935 687 969 ante
715 939 871 969 omnes
890 934 1037 969 autem
1054 921 1330 985 Pythagoras
1351 922 1400 967 &
1415 919 1507 966 Ca·-

231 1008 282 1039 to
311 1009 407 1038 non
439 995 615 1057 parcius
647 995 925 1043 celebrarint.
964 993 1104 1054 Cujus
1138 992 1399 1039 sententiam
1429 989 1506 1038 vel

230 1081 288 1110 eo
312 1065 566 1128 diligentius
584 1067 787 1131 persequi
806 1085 883 1130 par
904 1067 987 1125 est,
1002 1079 1051 1113 ut
1070 1064 1300 1122 noscatur,
1319 1080 1405 1127 qua
1423 1080 1506 1109 me-

229 1135 379 1182 dicina
408 1136 506 1184 usus
538 1138 590 1184 fit
621 1140 746 1187 annis
767 1154 835 1186 DC
857 1141 1088 1186 Romanus
1106 1136 1315 1201 populus.
1348 1139 1397 1182 ln
1416 1147 1506 1182 tres

227 1207 394 1270 species
427 1209 614 1257 divisere
645 1228 740 1258 eam
759 1212 909 1259 Graeci
937 1209 1233 1273 antiquiffimi.
1273 1207 1506 1270 Crispam,

228 1295 360 1341 quam
380 1278 621 1328 selinoidea
642 1294 929 1329 vocaverunt
944 1319 957 1342 ‚
977 1299 1001 1328 a
1021 1279 1306 1328 similitudine
1324 1276 1412 1340 apii
1433 1275 1504 1322 fo-

229 1350 427 1408 liorum,
456 1352 688 1402 stomacho
711 1355 892 1413 utilem,
920 1355 1071 1401 alvum
1090 1352 1269 1400 modice
1294 1349 1504 1397 mollien-

228 1435 333 1469 tem.
369 1424 566 1471 Alteram
596 1427 734 1485 leam,
763 1427 861 1474 latis
889 1427 1011 1474 foliis
1031 1444 1054 1473 e
1075 1425 1196 1473 caule
1221 1421 1504 1485 exeuntibus.

228 1491 360 1536 Unde
378 1494 611 1540 caulodem
637 1495 820 1559 quidam
839 1512 1092 1554 vocavere,
1113 1492 1276 1540 nullius
1295 1490 1342 1536 in
1365 1489 1504 1536 medi-

229 1564 329 1609 cina
349 1568 580 1613 momenti.
610 1570 763 1616 Tertia
784 1570 843 1615 est
860 1570 1043 1631 proprie
1061 1567 1277 1631 appellata
1299 1564 1504 1622 crambe,

228 1637 510 1684 tenuioribus
532 1638 654 1685 foliis
679 1676 691 1697 ,
726 1641 776 1687 &
803 1639 1074 1702 simplicibus
1091 1674 1105 1695 ,
1131 1634 1470 1697 denfiffimisque
1489 1650 1504 1679 ε

227 1709 450 1767 amarior,
489 1709 561 1756 sed
592 1712 900 1759 efficaciffima.
938 1713 1055 1759 Cato
1089 1709 1276 1773 crispam
1309 1706 1505 1753 maxime

225 1781 391 1842 probat
406 1819 419 1838 ,
446 1783 547 1829 dein
567 1784 729 1832 laevem
749 1785 986 1847 grandibus
1004 1783 1126 1831 foliis
1141 1819 1155 1840 ‚
1180 1781 1303 1829 caule
1323 1792 1505 1841 magno-

226 1854 432 1901 Prodess'e
453 1856 586 1902 tradit
606 1857 762 1920 capitis
785 1857 1041 1915 doloribus,
1062 1856 1304 1904 oculorum
1323 1848 1506 1920 caligini,

194 1923 198 1926 ⁴
222 1924 643 1993 scintillationique‚
663 1931 795 1989 lieni,
814 1931 1077 1988 stomacho,
1099 1925 1382 1992 praecordiis,
1401 1939 1502 1970 cru-

224 2000 326 2045 dam
359 2017 416 2046 ex
449 2014 578 2049 aceto
600 2005 650 2051 &
680 2004 810 2050 melle
827 2041 841 2063 ‚
877 2003 1117 2050 coriandro
1134 2038 1148 2060 ‚
1168 1999 1289 2057 ruta,
1320 2007 1502 2051 menta,

222 2073 371 2120 laseris
405 2076 626 2136 radicula,
651 2077 833 2125 sumtam
856 2077 1094 2125 acetabulis
1116 2075 1291 2122 duobus
1319 2067 1503 2118 matuti-

225 2162 317 2191 no:
353 2159 610 2211 tantamque
637 2150 720 2196 effe
747 2149 841 2196 vim
860 2186 874 2208 ,
906 2162 957 2197 ut
981 2149 1058 2213 qui
1086 2159 1198 2195 terat
1228 2147 1356 2200 haec,
1381 2140 1501 2188 vali-

224 2217 401 2265 diorem
438 2218 533 2266 fieri
566 2220 607 2267 se
633 2221 801 2269 sentiat.
837 2225 958 2286 Ergo
986 2221 1062 2269 vel
1090 2237 1192 2268 cum
1222 2218 1290 2264 his
1320 2215 1500 2269 tritam,

228 2289 492 2340 sorbendam
509 2330 523 2352 ‚
545 2293 619 2340 vel
641 2310 697 2340 ex
723 2295 812 2341 hoc
840 2294 1029 2340 intinctu
1062 2293 1326 2340 sumendam.
1354 2285 1500 2336 Poda-

225 2380 315 2424 grae
345 2378 491 2412 autem
505 2402 519 2424 ‚
549 2365 802 2428 morbisque
822 2366 1082 2414 articulariis
1103 2366 1219 2412 illini
1240 2383 1340 2412 cum
1359 2375 1498 2420 rutae,

227 2434 480 2497 coriandri,
507 2439 557 2487 &
575 2436 671 2487 salis
690 2439 834 2500 mica,
855 2439 1016 2488 hordei
1045 2438 1201 2488 farina.
1228 2441 1355 2503 Aqua
1376 2453 1498 2504 quo-v
