1653 2797
221 191 511 239 NATUR.
544 186 849 236 HISTOR.
884 188 1015 234 LIB.
1051 186 1241 234 XVII.
1313 202 1400 251 153

126 299 371 364 luensque,
403 298 475 345 sed
499 293 737 360 quomodo
765 292 906 339 fititur
925 294 1135 342 distillans
1153 331 1168 354 ‚
1193 293 1320 343 velut
1344 311 1403 341 ex

127 373 261 419 ubere
281 373 360 419 alit
389 371 538 418 omnia
566 383 666 431 quae
689 383 785 413 non
809 367 1006 414 inundat.
1033 369 1187 416 Tellus
1218 386 1403 434 quoque

125 446 207 493 illo
242 446 382 492 modo
419 441 750 498 fermentescit‚
785 442 836 488 &
871 440 990 487 succi
1025 442 1156 503 plena
1177 479 1190 500 ,
1223 461 1275 490 ac
1306 441 1404 489 lac-

123 517 389 568 tescentibus
422 515 521 562 satis
551 532 648 562 non
682 515 832 563 effoeta
853 550 867 572 ‚
901 532 1004 561 cum
1033 526 1208 577 tempus
1233 516 1406 578 aperit,

124 592 284 655 tepidis
320 590 482 636 arridet
521 589 658 637 horis.
708 592 772 636 Ita
810 588 1005 635 maxime
1042 587 1266 635 frumenta
1304 588 1409 650 pin-

123 663 365 729 guescunt,
395 674 692 726 praeterquam
718 660 795 708 ubi
828 660 997 708 calidus
1023 660 1192 724 semper
1221 676 1296 706 aer
1323 659 1410 716 est,

121 748 174 784 ut
197 736 244 781 in
271 737 491 800 AEgyptO.
539 734 840 782 Continuatio
874 734 995 780 enim
1022 734 1181 798 &ipsa
1211 731 1406 780 consue-

119 810 231 859 tudo
249 846 263 869 ,
290 810 406 856 idem
438 810 561 874 quod
590 810 752 856 modus
774 808 910 855 aliubi
939 808 1104 855 efficit:
1139 808 1405 872 plurimum-

119 900 210 949 que
246 883 462 947 prodest,
500 882 759 946 ubicunque
803 899 899 928 non
944 881 1028 927 effe
1065 881 1190 945 quod
1226 893 1402 927 noceat.

118 960 169 1005 In
200 956 370 1019 majore
407 968 530 1020 parte
570 956 721 1013 orbiS,
764 973 865 1002 cum
902 972 1129 1018 praecoces
1165 972 1403 1002 excurrere

117 1030 495 1094 germinationes,
534 1042 740 1075 evocatae
770 1028 1045 1091 indulgentia
1080 1028 1205 1086 caeli,
1243 1028 1402 1075 secutis

115 1103 358 1167 frigoribus
390 1101 652 1150 eriuruntur.
675 1104 781 1163 Qua
811 1103 865 1148 de
897 1102 1026 1149 causa
1061 1103 1267 1149 serotinae
1305 1103 1404 1150 hie·-

116 1195 211 1225 mes
241 1177 418 1234 noxiae,
445 1176 715 1223 silvestribus
735 1193 943 1241 quoque:
970 1195 1072 1241 quae
1101 1178 1239 1241 magis
1268 1177 1401 1225 etiam

115 1252 275 1299 dolent
304 1267 492 1315 urgente
515 1251 672 1297 umbra
698 1250 802 1309 sua,
834 1269 917 1298 nec
946 1250 1187 1313 adjuvante
1216 1252 1402 1299 medici-

116 1341 195 1370 na:
228 1323 411 1387 quando
454 1322 615 1369 vestire
648 1339 820 1370 teneras
859 1323 1035 1371 intorto
1073 1325 1317 1372 stramento
1352 1327 1401 1372 in

113 1397 385 1444 silvestribus
412 1414 508 1443 non
536 1396 610 1444 est.
643 1400 765 1461 Ergo
784 1397 1063 1460 tempestivae
1094 1416 1219 1462 aquae
1249 1399 1400 1445 hiber·-

114 1471 183 1517 nis
213 1471 409 1533 primum
431 1470 648 1518 imbribus
668 1506 681 1529 ‚
715 1471 874 1517 deinde
904 1471 1282 1534 germinationem
1315 1490 1399 1518 an·-

113 1544 435 1591 tecedentibus.
460 1544 666 1590 Tertium
689 1559 865 1606 tempus
882 1544 967 1601 est,
981 1561 1083 1591 cum
1098 1544 1290 1591 educant
1310 1563 1399 1609 po-
1467 1557 1470 1560 ’

112 1636 204 1665 ma:
229 1635 313 1664 nec
341 1618 577 1680 protinus,
601 1616 674 1663 sed
694 1615 783 1678 jam
810 1616 965 1664 valido
983 1614 1114 1663 foetu.
1140 1619 1259 1677 Quae
1277 1617 1397 1665 fruc-

111 1704 184 1739 tus
218 1690 320 1736 suos
360 1690 524 1738 diutius
564 1690 828 1748 continent,
862 1689 1181 1754 longioresque
1224 1691 1394 1738 defide-

110 1776 210 1810 rant
239 1763 394 1821 cibos,
424 1763 489 1809 his
522 1766 571 1811 &
606 1762 815 1810 serotinae
847 1780 974 1827 aquae
1005 1763 1160 1811 utiles:
1198 1778 1245 1812 ut
1278 1766 1394 1826 viti,

112 1838 251 1897 oleae,
285 1837 474 1885 Punicis.
515 1839 597 1884 Hae
633 1836 722 1900 jam
759 1838 928 1901 pluviae
967 1839 1139 1902 generis
1174 1837 1426 1904 cujusque·

112 1909 348 1958 arboribus
393 1911 572 1958 diverso
615 1913 758 1959 modo
795 1912 1125 1969 desiderantur,
1168 1912 1264 1958 aliis
1300 1912 1420 1958 alios

112 1997 316 2047 tempore
350 1984 691 2032 maturantibus.
732 1987 1027 2048 Quapropter
1050 1984 1211 2031 eisdem
1232 1985 1390 2032 imbri-

79 2091 83 2097 -
110 2057 194 2105 bus
235 2056 382 2120 aliqua
417 2056 520 2102 laedi
562 2057 743 2115 videas,
777 2058 925 2121 aliqua
963 2057 1145 2119 juvari,
1176 2058 1307 2105 etiam
1341 2059 1388 2105 in

108 2132 271 2179 eodem
295 2147 453 2195 genere
467 2168 481 2189 ‚
511 2131 620 2178 ficut
639 2132 684 2177 in
709 2132 841 2195 piris:
863 2132 954 2178 alio
977 2132 1046 2178 die
1065 2132 1250 2179 hiberna
1269 2150 1389 2196 quae-

107 2219 215 2253 runt
244 2205 448 2268 pluvias,
485 2207 576 2252 alio
605 2224 719 2254 vero
743 2208 968 2271 praecocia
987 2245 1001 2267 ,
1027 2221 1079 2255 ut
1099 2209 1261 2272 pariter
1287 2210 1389 2273 qui-

105 2281 206 2327 dem
234 2280 386 2329 omnia
414 2281 672 2330 defiderent.
700 2282 949 2329 Hibernum
984 2294 1161 2346 tempus
1188 2282 1249 2330 est
1283 2295 1387 2328 ante

105 2356 479 2419 germinationem
496 2393 509 2415 ‚
533 2374 632 2421 quae
662 2357 939 2422 Aquilonem
965 2358 1129 2404 Austro
1156 2357 1386 2404 utiliorem

106 2428 225 2476 facit.
270 2429 405 2476 Ratio
441 2430 595 2476 eadem
637 2431 958 2478 mediterranea
1000 2431 1232 2478 maritimis
1267 2447 1384 2492 prze-

103 2501 211 2552 fert:
233 2501 334 2552 sunt
360 2503 478 2552 enim
502 2503 766 2569 plerumque
786 2505 1045 2570 frigidiora:
1074 2508 1124 2554 &
1142 2502 1382 2552 montuosa
