1653 2797
296 131 573 180 NATUR.
607 130 912 179 HISTOR.
946 135 1075 182 LIB.
1110 135 1262 182 XIV.
1392 154 1447 185 21

162 240 384 289 Caesarem
418 257 514 287 non
545 238 666 286 aliud
699 249 930 300 poturum.
978 244 1076 290 Nec
1109 244 1371 306 negaverim
1399 246 1452 292 &

159 315 244 362 alia
275 316 407 379 digna
431 314 515 360 effe
538 313 686 359 fama:
725 312 797 359 sed
827 314 882 360 de
911 315 1073 379 quibus
1098 314 1336 365 consensus
1359 319 1449 366 aevi

164 386 494 451 judicaverint,
520 386 620 433 haec
643 385 764 433 sunt.

225 462 307 509 IX.
340 461 477 507 Nunc
505 459 635 506 fimili
660 461 803 507 modo
833 457 1125 507 transmarina
1154 462 1368 513 dicemus.
1398 468 1450 513 In

159 533 330 581 summa
351 532 495 597 gloria
520 532 621 596 post
646 532 893 580 Homerica
921 532 1027 590 illa,
1052 533 1105 579 de
1134 535 1295 598 quibus
1321 537 1451 599 supra

158 605 380 664 diximus,
403 604 527 652 fuere
546 607 757 653 Thasium
783 605 1038 669 Chiumque
1057 625 1071 652 τ
1094 623 1153 653 ex
1174 608 1298 654 Chio
1324 612 1452 662 Quod

158 679 387 726 Arvifium
421 692 606 726 vocant.
654 681 736 726 His
767 679 937 727 addidit
970 680 1177 726 Lesbium
1212 682 1452 732 Erafistrari

158 752 343 799 maximi
358 752 522 799 medici
539 753 796 811 auctoritas,
809 753 989 799 circiter
1001 767 1169 799 CCCCL
1181 755 1355 802 'annum
1373 774 1450 802 rtr-

157 823 226 871 bis
257 824 431 870 Romae.
472 825 606 871 Nunc
641 825 782 887 gratia
811 836 913 870 ante
943 825 1097 871 omnia
1122 825 1186 873 est
1213 825 1450 874 Clazome-

161 895 258 955 nio,
272 896 506 959 postquam
524 897 702 959 parcius
719 897 830 943 maii
851 897 1086 943 condiunt.
1097 898 1305 945 Lesbium
1322 899 1449 962 ipon-

160 981 205 1016 te
232 968 318 1016 suae
341 980 510 1015 naturae
535 985 654 1015 mare
687 969 813 1032 iapit
832 970 930 1016 Nec
951 970 1144 1017 Tmoliti
1164 988 1245 1033 per
1275 972 1317 1018 se
1347 990 1450 1036 gra·-

160 1041 245 1099 tia‚
276 1051 328 1086 ut
351 1040 498 1087 vino:
520 1039 597 1088 fed
612 1039 737 1102 cujus
755 1040 878 1087 dulci
903 1041 1107 1088 admixto
1125 1056 1367 1108 reliqum
1373 1065 1451 1093 um

161 1112 323 1161 duritia
345 1113 610 1160 suavitatem
636 1114 854 1176 accipiat,
886 1114 1082 1162 simul&
1109 1127 1309 1175 aetatem‚
1331 1136 1457 1181 quo-

160 1189 283 1235 niam
315 1187 568 1235 vetustiora
601 1186 810 1250 protinus
830 1187 1062 1233 videntur.
1093 1188 1165 1234 Ab
1195 1189 1262 1235 his
1294 1191 1454 1254 digna·

161 1262 231 1308 tio
252 1260 313 1307 est
332 1260 582 1324 Sicyonio,
607 1260 817 1323 Cypri0‚
837 1259 1121 1317 Telmefico,
1140 1261 1457 1324 Tripolitico,

162 1334 378 1398 Berytio,
399 1332 577 1397 Tyrio,
597 1331 923 1396 Sebennytico.
944 1334 993 1378 In
1011 1334 1211 1397 AEgypto
1239 1335 1329 1382 hoc
1354 1334 1455 1382 nas-

164 1409 283 1456 citur
306 1406 449 1454 tribus
481 1405 718 1469 generibus
737 1422 929 1452 uvarnm
950 1404 1012 1450 ibi
1042 1406 1226 1465 nobile,
1230 1408 1456 1468 Τὴ3ᾗ3,,

163 1480 359 1539 aethalo,
388 1497 548 1543 peuce
593 1478 697 1526 Post
724 1479 820 1526 haec
852 1480 1090 1526 aucloritas
1123 1443 1452 1544 hippodaman-

162 1553 253 1612 tio,
284 1551 514 1617 Mystico,
549 1551 842 1609 cantharitae,
871 1564 1098 1615 protropo
1120 1553 1324 1613 Gnifflo,
1361 1557 1456 1602 Ca-

159 1625 551 1684 tacecaumenitae‚
571 1625 749 1672 Petritae
764 1661 778 1684 ‚
799 1626 1046 1690 Myconio.
1066 1628 1185 1673 Nam
1195 1627 1453 1692 Mesogiten

163 1700 320 1764 capitis
357 1699 543 1746 dolores
583 1698 729 1746 facere
757 1711 1043 1762 compertum
1071 1700 1154 1748 est:
1184 1705 1270 1748 nec
1301 1703 1451 1765 Ephe-

163 1776 273 1823 sium
294 1774 463 1822 salubre
482 1774 589 1829 effe:
613 1774 831 1837 quoniam
848 1773 961 1820 mari
985 1776 1035 1822 &
1056 1774 1237 1822 defruto
1262 1779 1449 1824 condia-

112 1860 115 1863 “
164 1861 250 1894 tur.
278 1849 557 1910 Apamenum
576 1845 721 1893 mulso
742 1846 965 1909 praecipue
985 1848 1236 1894 convenire
1260 1849 1448 1907 dicitur,

165 1920 276 1968 ficut
303 1920 562 1967 Praetutium
588 1920 636 1966 in
663 1919 805 1966 Italia..
833 1918 907 1966 Est
929 1920 1050 1966 enim
1077 1920 1174 1967 haec
1197 1922 1450 1984 proprietas

168 2011 410 2058 generum,
433 2007 482 2041 ut
502 1994 651 2041 dulcia
667 1994 824 2058 utique
844 1993 961 2040 inter
984 1993 1027 2040 se
1055 2011 1155 2040 non
1179 2011 1448 2060 congruant.

169 2068 388 2116 Exolevit
418 2070 468 2118 δι
505 2068 780 2132 protagion‚
812 2067 938 2131 quod
976 2067 1142 2115 Italicis
1185 2070 1449 2131 proximum

168 2139 367 2189 fecerant
387 2141 659 2205 Asclepiadis
677 2140 858 2188 schol'ae.
887 2140 1203 2203 Apollodorus
1221 2142 1419 2189 medicus
1436 2177 1451 2200 ‚

168 2213 216 2260 in
237 2213 498 2272 volumine,
527 2231 621 2278 quo
651 2213 776 2260 suasit
800 2213 1048 2260 Ptolemaeo
1081 2214 1174 2277 regi
1207 2232 1310 2276 quae
1343 2214 1451 2261 vina

168 2285 362 2342 biberet,
381 2285 542 2333 Italicis
565 2285 700 2332 etiam
720 2300 812 2332 tum
834 2285 1002 2349 ignotis
1017 2323 1037 2344 „
1050 2286 1252 2333 laudavit
1271 2288 1316 2332 in
1330 2289 1453 2335 Pon·

168 2374 219 2407 to
242 2359 591 2423 Nasperceniten
606 2396 620 2418 ‚
637 2378 749 2407 mox
770 2361 1008 2409 Oreticum
1021 2397 1033 2419 ,
1067 2363 1285 2408 OEneaten
1305 2396 1319 2419 ,
1340 2363 1452 2409 Leu-

167 2432 372 2493 cadium,
409 2431 760 2492 Ambracioten,
794 2435 844 2480 &
886 2434 1015 2497 quod
1049 2433 1218 2481 cunciis
1253 2434 1452 2497 praetulit

1101 2509 1193 2569 133
