1653 2797
256 125 345 191 358
511 120 1311 171 C.PL1N113ECUND1

254 233 322 279 tio
342 232 467 289 sunt,
494 230 573 276 nifi
606 228 788 277 restaret
815 246 884 278 res
912 229 1095 276 maximi
1113 230 1308 294 quaestus
1325 266 1340 291 ,
1359 246 1455 279 non
1479 231 1538 284 fik,

253 322 310 351 ne
345 303 519 366 pudore
561 302 761 350 dicenda.
806 303 992 349 Certum
1036 302 1098 349 est
1133 303 1303 367 quippe
1343 305 1537 352 carduos

253 378 370 440 apud
398 376 713 440 Carthaginem
739 393 969 440 magnam,
996 376 1347 442 Cordubamque
1375 377 1535 441 praeci-

255 467 341 516 pue
363 485 375 508 ,
397 449 640 496 sestertium
672 449 772 496 sena
797 450 937 497 millia
963 467 987 496 e
1007 449 1160 512 parvis
1184 450 1369 497 reddere
1389 451 1501 499 areis
1519 468 1534 498 ε

256 522 477 588 quoniam
496 534 705 585 portenta
724 537 906 586 quoque
929 533 1148 569 terrarum
1166 521 1213 568 in
1230 539 1415 586 ganeam
1432 540 1538 571 ver-

257 596 421 653 timus,
450 595 585 641 etiam
616 610 666 639 ea
703 611 802 657 quae
828 592 1052 657 refugiunt
1083 595 1391 658 quadrupedes
1425 613 1537 644 con·

257 666 371 714 sciae.
398 668 604 714 Carduos
630 682 735 729 ergo
760 666 935 712 duobus
956 666 1103 713 modis
1122 666 1296 714 serunt:
1316 681 1537 716 autumno

256 741 440 803 planta,
484 741 534 786 δε
570 737 734 784 semine
769 750 870 785 ante
906 739 1063 784 Nonas
1100 738 1309 786 Martias:
1346 739 1538 803 plantae-

257 830 345 876 que
379 829 435 858 ex
465 828 520 857 eo
551 806 849 873 disponuntur
879 823 981 858 ante
1010 811 1110 858 Idus
1131 812 1439 872 Novembris,
1461 826 1539 860 aut

256 886 306 932 in
325 885 436 930 locis
450 883 617 946 frigidis
637 882 754 930 circa
771 883 1038 930 Favonium.
1057 885 1373 932 stercorantur
1387 886 1539 945 etiam,

257 959 289 1004 fi
319 958 400 1003 diis
429 957 603 1020 placet,
628 957 856 1021 laetiusque
890 960 1197 1021 proveniunt:
1235 960 1539 1007 condiuntur-

256 1046 346 1092 que
375 1042 507 1076 aceto
537 1029 669 1076 melle
707 1031 884 1090 diluto,
909 1031 1054 1078 addita
1090 1031 1237 1079 laseris
1272 1031 1451 1091 radice,
1490 1033 1541 1079 &

259 1103 431 1150 cumini
452 1138 468 1160 ,
496 1119 552 1148 ne
572 1103 671 1166 quis
707 1103 798 1150 dies
827 1103 917 1150 fine
943 1105 1108 1151 carduo
1138 1106 1202 1151 fit.

324 1180 485 1225 XLIV.
519 1179 678 1224 Cetera
710 1179 756 1224 in
784 1178 1036 1226 transcursu
1062 1180 1150 1226 dici
1188 1179 1383 1243 poffimt.
1423 1178 1542 1227 Oci-

258 1268 386 1298 mum
416 1251 632 1298 Parilibus
663 1252 833 1314 optime
856 1251 936 1298 seri
966 1251 1148 1299 ferunt:
1184 1253 1365 1315 quidam
1391 1254 1440 1300 &
1467 1269 1543 1299 au-

259 1338 447 1370 tumno:
481 1322 727 1387 jubentque
747 1359 760 1382 ,
795 1340 896 1370 cum
924 1324 1070 1379 hieme
1102 1324 1297 1383 seratur,
1326 1335 1456 1371 aceto
1475 1323 1543 1370 se-

261 1413 366 1442 men
400 1395 625 1458 perfundi.
661 1398 804 1443 Eruca
837 1414 1021 1462 quoque
1060 1399 1109 1445 &
1140 1397 1431 1455 nasturtium,
1465 1398 1542 1444 vel

262 1487 317 1514 ae
304 1468 409 1514 tate
444 1468 521 1514 vel
550 1469 695 1515 hieme
727 1467 937 1516 facillime
967 1469 1221 1517 nascuntur.
1258 1473 1402 1517 Eruca
1427 1486 1544 1533 prae-

261 1541 395 1602 cipue
438 1539 660 1603 frigorum
696 1541 1006 1599 contemtrix,
1049 1542 1236 1589 diversae
1279 1542 1373 1601 est,
1410 1559 1545 1620 quam

263 1616 464 1670 laetuca,
483 1624 681 1671 natm-,az
702 1615 975 1660 concitatrix
998 1616 1214 1662 Veneris:
1249 1615 1421 1662 idcirco
1445 1614 1546 1674 jun-

266 1687 387 1751 gitur
416 1686 482 1732 illi
504 1685 594 1732 fere
631 1686 678 1731 in
713 1686 852 1744 cibis,
891 1699 941 1733 ut
968 1687 1111 1734 nimio
1147 1686 1305 1751 frigori
1339 1703 1418 1750 par
1452 1685 1546 1732 fer-

265 1776 357 1805 vor
389 1757 618 1804 immixtus
648 1773 1051 1821 temperamentum
1075 1774 1234 1824 aequet.
1269 1759 1547 1807 Nasturtium

266 1849 436 1879 nomen
460 1831 632 1894 accepit
663 1849 687 1877 a
712 1832 886 1879 narium
915 1845 1162 1882 tormento.
1196 1837 1254 1880 Et
1282 1834 1385 1881 inde
1409 1833 1546 1896 vigo-

266 1908 325 1954 ris
346 1905 610 1970 fignificatio
636 1907 888 1970 proverbio
917 1909 962 1953 id
989 1908 1265 1955 vocabulum
1284 1907 1546 1970 usurpavit,

266 1981 409 2027 veluti
439 1993 676 2043 torporem
706 1981 956 2029 excitantis.
987 1984 1037 2028 In
1059 1982 1223 2033 Arabia
1242 1981 1368 2029 mirae
1389 1979 1548 2043 ampli-

266 2054 433 2105 tudinis
466 2053 629 2099 dicitur
662 2053 798 2116 gigni.

332 2129 471 2174 XLV.
489 2127 606 2172 Ruta
627 2143 812 2189 quoque
832 2125 991 2173 seritur
1015 2125 1222 2173 Favonio
1235 2162 1249 2184 ‚
1269 2127 1319 2175 δέ
1334 2125 1387 2172 ab
1409 2123 1552 2189 aequi«

268 2200 424 2246 noetio
456 2211 707 2245 autumno:
746 2200 843 2246 odit
876 2200 1095 2258 hiemem,
1122 2201 1171 2247 &
1201 2198 1463 2255 humorem,
1497 2213 1550 2244 ac

268 2272 436 2319 fimum.
469 2272 644 2333 Apricis
667 2272 827 2334 gaudet
847 2273 896 2320 &
922 2272 1046 2319 siccis
1063 2307 1077 2329 ,
1110 2284 1225 2318 terra
1243 2287 1377 2334 quam
1403 2269 1548 2316 maxi-

269 2365 337 2393 me
367 2347 575 2393 lateraria.
606 2346 767 2392 (inere
796 2347 895 2394 vult
916 2347 1072 2393 nutriri
1094 2365 1104 2394 ε
1134 2347 1207 2393 hic
1229 2349 1277 2394 &
1294 2344 1447 2392 semini
1467 2343 1547 2389 mi-

269 2422 439 2481 stetur,
462 2436 511 2468 ut
539 2435 685 2470 careat
709 2421 866 2470 erucis.
904 2423 1157 2471 A11&oritas
1185 2412 1318 2470 etfam
1348 2417 1547 2484 peculia-
