<?xml version="1.0" encoding="UTF-8"?>
<!DOCTYPE html PUBLIC "-//W3C//DTD XHTML 1.0 Transitional//EN"
    "http://www.w3.org/TR/xhtml1/DTD/xhtml1-transitional.dtd">
<html xmlns="http://www.w3.org/1999/xhtml" xml:lang="en" lang="en">
 <head>
  <title>
</title>
<meta http-equiv="Content-Type" content="text/html;charset=utf-8" />
  <meta name='ocr-system' content='tesseract 3.04.00' />
  <meta name='ocr-capabilities' content='ocr_page ocr_carea ocr_par ocr_line ocrx_word'/>
</head>
<body>
  <div class='ocr_page' id='page_1' title='image "./caiipliniisecund03plinuoft_0138.png"; bbox 0 0 1653 2797; ppageno 0'>
   <div class='ocr_carea' id='block_1_1' title="bbox 214 216 1238 287">
    <p class='ocr_par' dir='ltr' id='par_1_1' title="bbox 214 216 1238 287">
     <span class='ocr_line' id='line_1_1' title="bbox 214 216 1238 287; baseline -0.008 -17"><span class='ocrx_word' id='word_1_1' title='bbox 214 238 299 283; x_wconf 70' lang='lat'>132</span> <span class='ocrx_word' id='word_1_2' title='bbox 468 219 815 287; x_wconf 38' lang='lat' dir='ltr'><strong>§PL-[NH</strong></span> <span class='ocrx_word' id='word_1_3' title='bbox 863 216 1238 263; x_wconf 72' lang='lat' dir='ltr'><strong>SECUNDI</strong></span> 
     </span>
    </p>
   </div>
   <div class='ocr_carea' id='block_1_2' title="bbox 209 322 1519 2572">
    <p class='ocr_par' dir='ltr' id='par_1_2' title="bbox 209 322 1487 611">
     <span class='ocr_line' id='line_1_2' title="bbox 212 322 1485 393; baseline -0.005 -15"><span class='ocrx_word' id='word_1_4' title='bbox 212 347 272 378; x_wconf 81' lang='lat' dir='ltr'>ve</span> <span class='ocrx_word' id='word_1_5' title='bbox 299 342 478 393; x_wconf 78' lang='lat' dir='ltr'>tangas,</span> <span class='ocrx_word' id='word_1_6' title='bbox 504 327 585 374; x_wconf 71' lang='lat' dir='ltr'>nisi</span> <span class='ocrx_word' id='word_1_7' title='bbox 616 327 802 374; x_wconf 85' lang='lat' dir='ltr'>ficcam:</span> <span class='ocrx_word' id='word_1_8' title='bbox 829 322 945 372; x_wconf 85' lang='lat' dir='ltr'>neve</span> <span class='ocrx_word' id='word_1_9' title='bbox 978 324 1192 389; x_wconf 81' lang='lat' dir='ltr'>gelidam,</span> <span class='ocrx_word' id='word_1_10' title='bbox 1215 339 1333 372; x_wconf 85' lang='lat' dir='ltr'>neve</span> <span class='ocrx_word' id='word_1_11' title='bbox 1355 339 1485 373; x_wconf 79' lang='lat' dir='ltr'>roru-</span> 
     </span>
     <span class='ocr_line' id='line_1_3' title="bbox 209 397 1486 461; baseline -0.005 -11"><span class='ocrx_word' id='word_1_12' title='bbox 209 404 389 450; x_wconf 78' lang='lat' dir='ltr'><strong>lentam.</strong></span> <span class='ocrx_word' id='word_1_13' title='bbox 411 400 619 448; x_wconf 83' lang='lat' dir='ltr'>Tiberius</span> <span class='ocrx_word' id='word_1_14' title='bbox 651 400 770 447; x_wconf 89' lang='lat' dir='ltr'>idem</span> <span class='ocrx_word' id='word_1_15' title='bbox 795 398 912 446; x_wconf 87' lang='lat' dir='ltr'>&amp;in</span> <span class='ocrx_word' id='word_1_16' title='bbox 943 398 1109 461; x_wconf 83' lang='lat' dir='ltr'>capillo</span> <span class='ocrx_word' id='word_1_17' title='bbox 1135 397 1370 444; x_wconf 87' lang='lat' dir='ltr'>tondendo</span> <span class='ocrx_word' id='word_1_18' title='bbox 1396 397 1486 444; x_wconf 91' lang='lat' dir='ltr'>ser-</span> 
     </span>
     <span class='ocr_line' id='line_1_4' title="bbox 210 472 1487 536; baseline -0.003 -14"><span class='ocrx_word' id='word_1_19' title='bbox 210 476 341 523; x_wconf 79' lang='lat' dir='ltr'>vavit</span> <span class='ocrx_word' id='word_1_20' title='bbox 365 474 618 522; x_wconf 85' lang='lat' dir='ltr'>interlunia.</span> <span class='ocrx_word' id='word_1_21' title='bbox 657 475 721 520; x_wconf 90' lang='lat' dir='ltr'>M.</span> <span class='ocrx_word' id='word_1_22' title='bbox 743 476 892 519; x_wconf 88' lang='lat' dir='ltr'>Varro</span> <span class='ocrx_word' id='word_1_23' title='bbox 920 472 1133 520; x_wconf 83' lang='lat' dir='ltr'>adversus</span> <span class='ocrx_word' id='word_1_24' title='bbox 1159 472 1358 521; x_wconf 86' lang='lat' dir='ltr'>defluvia</span> <span class='ocrx_word' id='word_1_25' title='bbox 1373 488 1487 536; x_wconf 79' lang='lat' dir='ltr'>prae-</span> 
     </span>
     <span class='ocr_line' id='line_1_5' title="bbox 209 545 1120 611; baseline -0.003 -16"><span class='ocrx_word' id='word_1_26' title='bbox 209 548 328 611; x_wconf 80' lang='lat' dir='ltr'>cepit</span> <span class='ocrx_word' id='word_1_27' title='bbox 359 547 691 596; x_wconf 80' lang='lat' dir='ltr'>observandum</span> <span class='ocrx_word' id='word_1_28' title='bbox 718 547 764 592; x_wconf 87' lang='lat' dir='ltr'>id</span> <span class='ocrx_word' id='word_1_29' title='bbox 801 563 824 592; x_wconf 91' lang='lat' dir='ltr'>a</span> <span class='ocrx_word' id='word_1_30' title='bbox 846 545 1120 608; x_wconf 84' lang='lat' dir='ltr'>pleniluniis.</span> 
     </span>
    </p>

    <p class='ocr_par' dir='ltr' id='par_1_3' title="bbox 211 617 1519 2572">
     <span class='ocr_line' id='line_1_6' title="bbox 274 617 1489 681; baseline -0.002 -15"><span class='ocrx_word' id='word_1_31' title='bbox 274 620 482 666; x_wconf 89' lang='lat' dir='ltr'><strong>LXXVI.</strong></span> <span class='ocrx_word' id='word_1_32' title='bbox 519 635 554 665; x_wconf 92' lang='lat'>1.</span> <span class='ocrx_word' id='word_1_33' title='bbox 591 618 736 665; x_wconf 81' lang='lat' dir='ltr'>Larici</span> <span class='ocrx_word' id='word_1_34' title='bbox 770 619 819 665; x_wconf 86' lang='lat'>&amp;</span> <span class='ocrx_word' id='word_1_35' title='bbox 845 617 982 681; x_wconf 81' lang='lat' dir='ltr'>magis</span> <span class='ocrx_word' id='word_1_36' title='bbox 1007 617 1141 663; x_wconf 90' lang='lat' dir='ltr'>abieti</span> <span class='ocrx_word' id='word_1_37' title='bbox 1172 617 1370 676; x_wconf 88' lang='lat' dir='ltr'>succifis,</span> <span class='ocrx_word' id='word_1_38' title='bbox 1400 617 1489 664; x_wconf 84' lang='lat' dir='ltr'>hu-</span> 
     </span>
     <span class='ocr_line' id='line_1_7' title="bbox 211 689 1492 737; baseline -0.002 0"><span class='ocrx_word' id='word_1_39' title='bbox 211 708 314 737; x_wconf 85' lang='lat' dir='ltr'>mor</span> <span class='ocrx_word' id='word_1_40' title='bbox 342 691 417 736; x_wconf 88' lang='lat' dir='ltr'>diu</span> <span class='ocrx_word' id='word_1_41' title='bbox 454 690 622 737; x_wconf 82' lang='lat' dir='ltr'>defluit.</span> <span class='ocrx_word' id='word_1_42' title='bbox 672 691 753 735; x_wconf 78' lang='lat' dir='ltr'>Hae</span> <span class='ocrx_word' id='word_1_43' title='bbox 792 689 998 736; x_wconf 87' lang='lat' dir='ltr'>omnium</span> <span class='ocrx_word' id='word_1_44' title='bbox 1030 690 1243 736; x_wconf 87' lang='lat' dir='ltr'>arborum</span> <span class='ocrx_word' id='word_1_45' title='bbox 1274 690 1492 736; x_wconf 81' lang='lat' dir='ltr'>altiffimae</span> 
     </span>
     <span class='ocr_line' id='line_1_8' title="bbox 211 761 1491 825; baseline -0.002 -16"><span class='ocrx_word' id='word_1_46' title='bbox 211 781 262 809; x_wconf 89' lang='lat' dir='ltr'>ac</span> <span class='ocrx_word' id='word_1_47' title='bbox 286 762 544 809; x_wconf 69' lang='lat' dir='ltr'>reffiffirnae.</span> <span class='ocrx_word' id='word_1_48' title='bbox 585 761 788 808; x_wconf 85' lang='lat' dir='ltr'>Navium</span> <span class='ocrx_word' id='word_1_49' title='bbox 821 761 947 808; x_wconf 83' lang='lat' dir='ltr'>malis</span> <span class='ocrx_word' id='word_1_50' title='bbox 975 761 1273 825; x_wconf 80' lang='lat' dir='ltr'>antennisque</span> <span class='ocrx_word' id='word_1_51' title='bbox 1304 773 1491 825; x_wconf 85' lang='lat' dir='ltr'>propter</span> 
     </span>
     <span class='ocr_line' id='line_1_9' title="bbox 211 834 1519 900; baseline -0.001 -18"><span class='ocrx_word' id='word_1_52' title='bbox 211 837 441 884; x_wconf 79' lang='lat' dir='ltr'>levitatem</span> <span class='ocrx_word' id='word_1_53' title='bbox 462 835 696 899; x_wconf 81' lang='lat' dir='ltr'>praefertur</span> <span class='ocrx_word' id='word_1_54' title='bbox 713 834 845 881; x_wconf 86' lang='lat' dir='ltr'>abies.</span> <span class='ocrx_word' id='word_1_55' title='bbox 882 834 1155 882; x_wconf 86' lang='lat' dir='ltr'><strong>Communia</strong></span> <span class='ocrx_word' id='word_1_56' title='bbox 1178 835 1248 881; x_wconf 89' lang='lat' dir='ltr'>his</span> <span class='ocrx_word' id='word_1_57' title='bbox 1266 836 1466 900; x_wconf 85' lang='lat' dir='ltr'>pinoque</span> <span class='ocrx_word' id='word_1_58' title='bbox 1478 870 1491 893; x_wconf 93' lang='lat'>‚</span> <span class='ocrx_word' id='word_1_59' title='bbox 1508 884 1519 898; x_wconf 89' lang='lat'><strong>.</strong></span> 
     </span>
     <span class='ocr_line' id='line_1_10' title="bbox 212 907 1492 973; baseline -0.001 -18"><span class='ocrx_word' id='word_1_60' title='bbox 212 924 262 956; x_wconf 87' lang='lat' dir='ltr'>ut</span> <span class='ocrx_word' id='word_1_61' title='bbox 300 909 650 973; x_wconf 78' lang='lat' dir='ltr'>quadripartitos</span> <span class='ocrx_word' id='word_1_62' title='bbox 687 923 906 953; x_wconf 86' lang='lat' dir='ltr'>venarum</span> <span class='ocrx_word' id='word_1_63' title='bbox 937 907 1094 958; x_wconf 62' lang='lat' dir='ltr'>⁴cursus</span> <span class='ocrx_word' id='word_1_64' title='bbox 1126 907 1372 972; x_wconf 85' lang='lat' dir='ltr'>bifidosque</span> <span class='ocrx_word' id='word_1_65' title='bbox 1411 909 1492 954; x_wconf 88' lang='lat' dir='ltr'>ha-</span> 
     </span>
     <span class='ocr_line' id='line_1_11' title="bbox 213 980 1493 1044; baseline -0.002 -15"><span class='ocrx_word' id='word_1_66' title='bbox 213 984 346 1029; x_wconf 81' lang='lat' dir='ltr'>beant</span> <span class='ocrx_word' id='word_1_67' title='bbox 363 1018 375 1040; x_wconf 91' lang='lat'>,</span> <span class='ocrx_word' id='word_1_68' title='bbox 396 982 473 1028; x_wconf 86' lang='lat' dir='ltr'>vel</span> <span class='ocrx_word' id='word_1_69' title='bbox 503 980 694 1027; x_wconf 88' lang='lat' dir='ltr'>omnino</span> <span class='ocrx_word' id='word_1_70' title='bbox 716 980 949 1044; x_wconf 55' lang='lat' dir='ltr'>simplice&amp;</span> <span class='ocrx_word' id='word_1_71' title='bbox 983 982 1053 1027; x_wconf 91' lang='lat' dir='ltr'>Ad</span> <span class='ocrx_word' id='word_1_72' title='bbox 1073 981 1305 1028; x_wconf 85' lang='lat' dir='ltr'>fabrorum</span> <span class='ocrx_word' id='word_1_73' title='bbox 1326 980 1493 1028; x_wconf 89' lang='lat' dir='ltr'>intesti-</span> 
     </span>
     <span class='ocr_line' id='line_1_12' title="bbox 213 1054 1494 1121; baseline -0.004 -17"><span class='ocrx_word' id='word_1_74' title='bbox 213 1076 270 1104; x_wconf 87' lang='lat' dir='ltr'>na</span> <span class='ocrx_word' id='word_1_75' title='bbox 284 1074 422 1121; x_wconf 87' lang='lat' dir='ltr'>opera</span> <span class='ocrx_word' id='word_1_76' title='bbox 442 1055 635 1102; x_wconf 77' lang='lat' dir='ltr'>medulla</span> <span class='ocrx_word' id='word_1_77' title='bbox 658 1054 814 1102; x_wconf 48' lang='lat' dir='ltr'>sessilis</span> <span class='ocrx_word' id='word_1_78' title='bbox 830 1073 840 1101; x_wconf 73' lang='grc' dir='ltr'>ε</span> <span class='ocrx_word' id='word_1_79' title='bbox 859 1054 1032 1117; x_wconf 86' lang='lat' dir='ltr'>optima</span> <span class='ocrx_word' id='word_1_80' title='bbox 1054 1054 1384 1119; x_wconf 83' lang='lat' dir='ltr'>quadripartitis</span> <span class='ocrx_word' id='word_1_81' title='bbox 1402 1069 1494 1099; x_wconf 88' lang='lat' dir='ltr'>ma—</span> 
     </span>
     <span class='ocr_line' id='line_1_13' title="bbox 213 1126 1496 1191; baseline -0.004 -15"><span class='ocrx_word' id='word_1_82' title='bbox 213 1129 343 1176; x_wconf 86' lang='lat' dir='ltr'>teries</span> <span class='ocrx_word' id='word_1_83' title='bbox 362 1166 378 1187; x_wconf 90' lang='lat'>,</span> <span class='ocrx_word' id='word_1_84' title='bbox 407 1131 457 1176; x_wconf 87' lang='lat'>&amp;</span> <span class='ocrx_word' id='word_1_85' title='bbox 485 1128 670 1175; x_wconf 83' lang='lat' dir='ltr'>mollior</span> <span class='ocrx_word' id='word_1_86' title='bbox 699 1144 833 1191; x_wconf 89' lang='lat' dir='ltr'>quam</span> <span class='ocrx_word' id='word_1_87' title='bbox 862 1140 1030 1173; x_wconf 80' lang='lat' dir='ltr'>ceterae.</span> <span class='ocrx_word' id='word_1_88' title='bbox 1055 1126 1307 1173; x_wconf 63' lang='lat' dir='ltr'>IntelleEtus</span> <span class='ocrx_word' id='word_1_89' title='bbox 1327 1126 1375 1172; x_wconf 90' lang='lat' dir='ltr'>in</span> <span class='ocrx_word' id='word_1_90' title='bbox 1394 1141 1496 1173; x_wconf 87' lang='lat' dir='ltr'>cor-</span> 
     </span>
     <span class='ocr_line' id='line_1_14' title="bbox 214 1199 1494 1267; baseline -0.005 -15"><span class='ocrx_word' id='word_1_91' title='bbox 214 1205 302 1252; x_wconf 86' lang='lat' dir='ltr'>tice</span> <span class='ocrx_word' id='word_1_92' title='bbox 326 1204 532 1267; x_wconf 87' lang='lat' dir='ltr'>protinus</span> <span class='ocrx_word' id='word_1_93' title='bbox 562 1203 729 1266; x_wconf 79' lang='lat' dir='ltr'>peritis.</span> <span class='ocrx_word' id='word_1_94' title='bbox 757 1201 927 1248; x_wconf 85' lang='lat' dir='ltr'>Abietis</span> <span class='ocrx_word' id='word_1_95' title='bbox 948 1218 1049 1264; x_wconf 70' lang='lat' dir='ltr'>quae</span> <span class='ocrx_word' id='word_1_96' title='bbox 1074 1218 1174 1263; x_wconf 86' lang='lat' dir='ltr'>pars</span> <span class='ocrx_word' id='word_1_97' title='bbox 1198 1218 1224 1247; x_wconf 86' lang='lat' dir='ltr'>a</span> <span class='ocrx_word' id='word_1_98' title='bbox 1244 1213 1363 1247; x_wconf 90' lang='lat' dir='ltr'>terra</span> <span class='ocrx_word' id='word_1_99' title='bbox 1382 1199 1494 1259; x_wconf 88' lang='lat' dir='ltr'>fuit,</span> 
     </span>
     <span class='ocr_line' id='line_1_15' title="bbox 215 1273 1498 1339; baseline -0.003 -16"><span class='ocrx_word' id='word_1_100' title='bbox 215 1277 374 1324; x_wconf 80' lang='lat' dir='ltr'>enodis</span> <span class='ocrx_word' id='word_1_101' title='bbox 417 1276 478 1322; x_wconf 89' lang='lat' dir='ltr'>est</span> <span class='ocrx_word' id='word_1_102' title='bbox 508 1294 518 1322; x_wconf 93' lang='lat'>:</span> <span class='ocrx_word' id='word_1_103' title='bbox 564 1277 688 1334; x_wconf 85' lang='lat' dir='ltr'>haec,</span> <span class='ocrx_word' id='word_1_104' title='bbox 719 1292 805 1339; x_wconf 86' lang='lat' dir='ltr'>qua</span> <span class='ocrx_word' id='word_1_105' title='bbox 842 1274 1038 1320; x_wconf 62' lang='lat' dir='ltr'>diximus</span> <span class='ocrx_word' id='word_1_106' title='bbox 1073 1273 1276 1332; x_wconf 83' lang='lat' dir='ltr'>ratione,</span> <span class='ocrx_word' id='word_1_107' title='bbox 1309 1273 1498 1319; x_wconf 87' lang='lat' dir='ltr'>fluviata</span> 
     </span>
     <span class='ocr_line' id='line_1_16' title="bbox 216 1344 1498 1411; baseline -0.004 -16"><span class='ocrx_word' id='word_1_108' title='bbox 216 1349 549 1407; x_wconf 87' lang='lat' dir='ltr'>decorticatur,</span> <span class='ocrx_word' id='word_1_109' title='bbox 576 1360 709 1411; x_wconf 84' lang='lat' dir='ltr'>atque</span> <span class='ocrx_word' id='word_1_110' title='bbox 740 1347 802 1392; x_wconf 87' lang='lat' dir='ltr'>ita</span> <span class='ocrx_word' id='word_1_111' title='bbox 835 1346 1009 1409; x_wconf 88' lang='lat' dir='ltr'>sapinus</span> <span class='ocrx_word' id='word_1_112' title='bbox 1043 1358 1260 1393; x_wconf 86' lang='lat' dir='ltr'>vocatur:</span> <span class='ocrx_word' id='word_1_113' title='bbox 1294 1344 1498 1408; x_wconf 88' lang='lat' dir='ltr'>superior</span> 
     </span>
     <span class='ocr_line' id='line_1_17' title="bbox 218 1419 1499 1487; baseline -0.004 -17"><span class='ocrx_word' id='word_1_114' title='bbox 218 1441 318 1487; x_wconf 80' lang='lat' dir='ltr'>pars</span> <span class='ocrx_word' id='word_1_115' title='bbox 338 1422 533 1478; x_wconf 87' lang='lat' dir='ltr'>nodosa,</span> <span class='ocrx_word' id='word_1_116' title='bbox 551 1422 797 1484; x_wconf 87' lang='lat' dir='ltr'>duriorque</span> <span class='ocrx_word' id='word_1_117' title='bbox 810 1457 823 1477; x_wconf 89' lang='lat'>‚</span> <span class='ocrx_word' id='word_1_118' title='bbox 843 1419 1050 1466; x_wconf 83' lang='lat' dir='ltr'>fusterna.</span> <span class='ocrx_word' id='word_1_119' title='bbox 1080 1423 1136 1466; x_wconf 88' lang='lat' dir='ltr'>Et</span> <span class='ocrx_word' id='word_1_120' title='bbox 1161 1420 1210 1466; x_wconf 90' lang='lat' dir='ltr'>in</span> <span class='ocrx_word' id='word_1_121' title='bbox 1230 1419 1332 1482; x_wconf 88' lang='lat' dir='ltr'>ipfis</span> <span class='ocrx_word' id='word_1_122' title='bbox 1352 1432 1499 1466; x_wconf 87' lang='lat' dir='ltr'>autem</span> 
     </span>
     <span class='ocr_line' id='line_1_18' title="bbox 219 1493 1499 1557; baseline -0.004 -14"><span class='ocrx_word' id='word_1_123' title='bbox 219 1496 457 1543; x_wconf 84' lang='lat' dir='ltr'>arboribus</span> <span class='ocrx_word' id='word_1_124' title='bbox 489 1494 762 1540; x_wconf 87' lang='lat' dir='ltr'>robustiores</span> <span class='ocrx_word' id='word_1_125' title='bbox 792 1493 1048 1556; x_wconf 80' lang='lat' dir='ltr'>Aquiloniae</span> <span class='ocrx_word' id='word_1_126' title='bbox 1065 1506 1224 1557; x_wconf 86' lang='lat' dir='ltr'>partes.</span> <span class='ocrx_word' id='word_1_127' title='bbox 1262 1496 1318 1540; x_wconf 88' lang='lat' dir='ltr'>Et</span> <span class='ocrx_word' id='word_1_128' title='bbox 1346 1493 1394 1539; x_wconf 88' lang='lat' dir='ltr'>in</span> <span class='ocrx_word' id='word_1_129' title='bbox 1421 1504 1499 1539; x_wconf 81' lang='lat' dir='ltr'>to-</span> 
     </span>
     <span class='ocr_line' id='line_1_19' title="bbox 219 1566 1499 1631; baseline -0.003 -16"><span class='ocrx_word' id='word_1_130' title='bbox 219 1581 316 1623; x_wconf 86' lang='lat' dir='ltr'>tum</span> <span class='ocrx_word' id='word_1_131' title='bbox 344 1567 587 1614; x_wconf 84' lang='lat' dir='ltr'>deteriores</span> <span class='ocrx_word' id='word_1_132' title='bbox 606 1583 662 1613; x_wconf 81' lang='lat' dir='ltr'>ex</span> <span class='ocrx_word' id='word_1_133' title='bbox 684 1566 878 1613; x_wconf 84' lang='lat' dir='ltr'>humidis</span> <span class='ocrx_word' id='word_1_134' title='bbox 912 1567 1175 1631; x_wconf 80' lang='lat' dir='ltr'>opacisque:</span> <span class='ocrx_word' id='word_1_135' title='bbox 1207 1566 1426 1630; x_wconf 85' lang='lat' dir='ltr'>spiffiores</span> <span class='ocrx_word' id='word_1_136' title='bbox 1442 1582 1499 1612; x_wconf 85' lang='lat' dir='ltr'>ex</span> 
     </span>
     <span class='ocr_line' id='line_1_20' title="bbox 221 1638 1499 1705; baseline -0.002 -17"><span class='ocrx_word' id='word_1_137' title='bbox 221 1640 402 1705; x_wconf 85' lang='lat' dir='ltr'>apricis,</span> <span class='ocrx_word' id='word_1_138' title='bbox 421 1656 472 1686; x_wconf 86' lang='lat' dir='ltr'>ac</span> <span class='ocrx_word' id='word_1_139' title='bbox 497 1639 732 1686; x_wconf 86' lang='lat' dir='ltr'>diuturnae.</span> <span class='ocrx_word' id='word_1_140' title='bbox 761 1639 867 1684; x_wconf 85' lang='lat' dir='ltr'>Ideo</span> <span class='ocrx_word' id='word_1_141' title='bbox 887 1639 1046 1685; x_wconf 77' lang='lat' dir='ltr'>Romae</span> <span class='ocrx_word' id='word_1_142' title='bbox 1072 1640 1267 1686; x_wconf 88' lang='lat' dir='ltr'>infernas</span> <span class='ocrx_word' id='word_1_143' title='bbox 1287 1640 1405 1686; x_wconf 89' lang='lat' dir='ltr'>abies</span> <span class='ocrx_word' id='word_1_144' title='bbox 1426 1638 1499 1686; x_wconf 89' lang='lat' dir='ltr'>su-</span> 
     </span>
     <span class='ocr_line' id='line_1_21' title="bbox 221 1709 1500 1778; baseline -0.002 -18"><span class='ocrx_word' id='word_1_145' title='bbox 221 1712 397 1778; x_wconf 82' lang='lat' dir='ltr'>pernati</span> <span class='ocrx_word' id='word_1_146' title='bbox 426 1710 677 1775; x_wconf 82' lang='lat' dir='ltr'>praefertur.</span> <span class='ocrx_word' id='word_1_147' title='bbox 713 1709 785 1757; x_wconf 79' lang='lat' dir='ltr'>Est</span> <span class='ocrx_word' id='word_1_148' title='bbox 814 1727 893 1772; x_wconf 88' lang='lat' dir='ltr'>per</span> <span class='ocrx_word' id='word_1_149' title='bbox 925 1710 1123 1774; x_wconf 82' lang='lat' dir='ltr'>gentium</span> <span class='ocrx_word' id='word_1_150' title='bbox 1144 1727 1326 1774; x_wconf 90' lang='lat' dir='ltr'>quoque</span> <span class='ocrx_word' id='word_1_151' title='bbox 1348 1711 1500 1775; x_wconf 84' lang='lat' dir='ltr'>regio-</span> 
     </span>
     <span class='ocr_line' id='line_1_22' title="bbox 226 1782 1502 1846; baseline -0.002 -14"><span class='ocrx_word' id='word_1_152' title='bbox 226 1802 303 1832; x_wconf 87' lang='lat' dir='ltr'>nes</span> <span class='ocrx_word' id='word_1_153' title='bbox 332 1785 378 1830; x_wconf 90' lang='lat' dir='ltr'>in</span> <span class='ocrx_word' id='word_1_154' title='bbox 404 1785 456 1831; x_wconf 88' lang='lat' dir='ltr'>iis</span> <span class='ocrx_word' id='word_1_155' title='bbox 475 1783 732 1830; x_wconf 86' lang='lat' dir='ltr'>differentia.</span> <span class='ocrx_word' id='word_1_156' title='bbox 764 1782 978 1846; x_wconf 79' lang='lat' dir='ltr'>Alpibus,</span> <span class='ocrx_word' id='word_1_157' title='bbox 996 1783 1327 1846; x_wconf 85' lang='lat' dir='ltr'>Apenninoque</span> <span class='ocrx_word' id='word_1_158' title='bbox 1347 1782 1502 1830; x_wconf 85' lang='lat' dir='ltr'>lauda-</span> 
     </span>
     <span class='ocr_line' id='line_1_23' title="bbox 225 1854 1504 1919; baseline -0.002 -14"><span class='ocrx_word' id='word_1_159' title='bbox 225 1858 420 1905; x_wconf 82' lang='lat' dir='ltr'>tiffirnae:</span> <span class='ocrx_word' id='word_1_160' title='bbox 439 1857 487 1902; x_wconf 85' lang='lat' dir='ltr'>in</span> <span class='ocrx_word' id='word_1_161' title='bbox 506 1856 673 1914; x_wconf 89' lang='lat' dir='ltr'>Gallia,</span> <span class='ocrx_word' id='word_1_162' title='bbox 691 1856 790 1902; x_wconf 85' lang='lat' dir='ltr'>Jura</span> <span class='ocrx_word' id='word_1_163' title='bbox 803 1891 817 1913; x_wconf 87' lang='lat'>,</span> <span class='ocrx_word' id='word_1_164' title='bbox 837 1872 888 1902; x_wconf 89' lang='lat' dir='ltr'>ac</span> <span class='ocrx_word' id='word_1_165' title='bbox 914 1868 1070 1901; x_wconf 89' lang='lat' dir='ltr'>monte</span> <span class='ocrx_word' id='word_1_166' title='bbox 1089 1854 1298 1919; x_wconf 82' lang='lat' dir='ltr'>Vogeso:</span> <span class='ocrx_word' id='word_1_167' title='bbox 1322 1855 1370 1901; x_wconf 91' lang='lat' dir='ltr'>in</span> <span class='ocrx_word' id='word_1_168' title='bbox 1387 1857 1504 1903; x_wconf 88' lang='lat' dir='ltr'>Cor·</span> 
     </span>
     <span class='ocr_line' id='line_1_24' title="bbox 227 1927 1504 1994; baseline -0.002 -16"><span class='ocrx_word' id='word_1_169' title='bbox 227 1933 330 1990; x_wconf 83' lang='lat' dir='ltr'>fica,</span> <span class='ocrx_word' id='word_1_170' title='bbox 350 1929 578 1994; x_wconf 85' lang='lat' dir='ltr'>Bithynia,</span> <span class='ocrx_word' id='word_1_171' title='bbox 597 1929 766 1987; x_wconf 89' lang='lat' dir='ltr'>Ponto,</span> <span class='ocrx_word' id='word_1_172' title='bbox 782 1928 1063 1974; x_wconf 84' lang='lat' dir='ltr'>Macedonia.</span> <span class='ocrx_word' id='word_1_173' title='bbox 1085 1927 1301 1975; x_wconf 87' lang='lat' dir='ltr'>Deterior</span> <span class='ocrx_word' id='word_1_174' title='bbox 1312 1929 1504 1975; x_wconf 87' lang='lat' dir='ltr'>AEneati-</span> 
     </span>
     <span class='ocr_line' id='line_1_25' title="bbox 230 2000 1505 2066; baseline -0.002 -15"><span class='ocrx_word' id='word_1_175' title='bbox 230 2022 295 2062; x_wconf 85' lang='lat' dir='ltr'>ca,</span> <span class='ocrx_word' id='word_1_176' title='bbox 311 2006 360 2050; x_wconf 86' lang='lat'>&amp;</span> <span class='ocrx_word' id='word_1_177' title='bbox 372 2003 597 2049; x_wconf 83' lang='lat' dir='ltr'>Arcadica.</span> <span class='ocrx_word' id='word_1_178' title='bbox 617 2001 811 2047; x_wconf 85' lang='lat' dir='ltr'>Peffimae</span> <span class='ocrx_word' id='word_1_179' title='bbox 829 2002 1063 2059; x_wconf 85' lang='lat' dir='ltr'>Parnaffia,</span> <span class='ocrx_word' id='word_1_180' title='bbox 1081 2003 1130 2048; x_wconf 89' lang='lat'>&amp;</span> <span class='ocrx_word' id='word_1_181' title='bbox 1148 2000 1373 2049; x_wconf 85' lang='lat' dir='ltr'>Euboica:</span> <span class='ocrx_word' id='word_1_182' title='bbox 1391 2018 1505 2066; x_wconf 88' lang='lat' dir='ltr'>quo·-</span> 
     </span>
     <span class='ocr_line' id='line_1_26' title="bbox 232 2073 1505 2137; baseline -0.002 -14"><span class='ocrx_word' id='word_1_183' title='bbox 232 2077 352 2123; x_wconf 89' lang='lat' dir='ltr'>niam</span> <span class='ocrx_word' id='word_1_184' title='bbox 380 2073 563 2121; x_wconf 87' lang='lat' dir='ltr'>ramosae</span> <span class='ocrx_word' id='word_1_185' title='bbox 584 2073 715 2120; x_wconf 88' lang='lat' dir='ltr'>ibi&amp;</span> <span class='ocrx_word' id='word_1_186' title='bbox 746 2086 970 2120; x_wconf 81' lang='lat' dir='ltr'>contortae</span> <span class='ocrx_word' id='word_1_187' title='bbox 988 2110 1002 2132; x_wconf 91' lang='lat'>,</span> <span class='ocrx_word' id='word_1_188' title='bbox 1034 2073 1421 2137; x_wconf 86' lang='lat' dir='ltr'>putrescentesque</span> <span class='ocrx_word' id='word_1_189' title='bbox 1440 2073 1505 2120; x_wconf 86' lang='lat' dir='ltr'>sa·-</span> 
     </span>
     <span class='ocr_line' id='line_1_27' title="bbox 233 2144 1504 2209; baseline -0.002 -15"><span class='ocrx_word' id='word_1_190' title='bbox 233 2148 332 2194; x_wconf 78' lang='lat' dir='ltr'>cilc.</span> <span class='ocrx_word' id='word_1_191' title='bbox 368 2149 428 2193; x_wconf 84' lang='lat' dir='ltr'>At</span> <span class='ocrx_word' id='word_1_192' title='bbox 461 2146 618 2192; x_wconf 87' lang='lat' dir='ltr'>cedrus</span> <span class='ocrx_word' id='word_1_193' title='bbox 650 2146 697 2190; x_wconf 90' lang='lat' dir='ltr'>in</span> <span class='ocrx_word' id='word_1_194' title='bbox 721 2147 886 2203; x_wconf 85' lang='lat' dir='ltr'>Creta,</span> <span class='ocrx_word' id='word_1_195' title='bbox 919 2144 1095 2203; x_wconf 87' lang='lat' dir='ltr'>Africa,</span> <span class='ocrx_word' id='word_1_196' title='bbox 1131 2145 1262 2209; x_wconf 78' lang='lat' dir='ltr'>Syria</span> <span class='ocrx_word' id='word_1_197' title='bbox 1299 2144 1504 2191; x_wconf 86' lang='lat' dir='ltr'>laudatis·</span> 
     </span>
     <span class='ocr_line' id='line_1_28' title="bbox 231 2215 1506 2279; baseline -0.003 -13"><span class='ocrx_word' id='word_1_198' title='bbox 231 2220 352 2266; x_wconf 80' lang='lat' dir='ltr'>fima.</span> <span class='ocrx_word' id='word_1_199' title='bbox 400 2217 536 2263; x_wconf 85' lang='lat' dir='ltr'>Cedri</span> <span class='ocrx_word' id='word_1_200' title='bbox 571 2217 677 2262; x_wconf 89' lang='lat' dir='ltr'>oleo</span> <span class='ocrx_word' id='word_1_201' title='bbox 718 2219 930 2279; x_wconf 57' lang='lat' dir='ltr'>peruncla</span> <span class='ocrx_word' id='word_1_202' title='bbox 963 2216 1162 2263; x_wconf 88' lang='lat' dir='ltr'>materies</span> <span class='ocrx_word' id='word_1_203' title='bbox 1195 2233 1278 2263; x_wconf 89' lang='lat' dir='ltr'>nec</span> <span class='ocrx_word' id='word_1_204' title='bbox 1311 2215 1471 2262; x_wconf 89' lang='lat' dir='ltr'>tineam</span> <span class='ocrx_word' id='word_1_205' title='bbox 1491 2252 1506 2275; x_wconf 95' lang='lat'>,</span> 
     </span>
     <span class='ocr_line' id='line_1_29' title="bbox 234 2289 1505 2354; baseline -0.003 -15"><span class='ocrx_word' id='word_1_206' title='bbox 234 2309 320 2339; x_wconf 87' lang='lat' dir='ltr'>nec</span> <span class='ocrx_word' id='word_1_207' title='bbox 351 2291 511 2338; x_wconf 82' lang='lat' dir='ltr'>cariem</span> <span class='ocrx_word' id='word_1_208' title='bbox 535 2289 677 2335; x_wconf 83' lang='lat' dir='ltr'>sentit.</span> <span class='ocrx_word' id='word_1_209' title='bbox 707 2291 918 2352; x_wconf 72' lang='lat' dir='ltr'>iunipero</span> <span class='ocrx_word' id='word_1_210' title='bbox 947 2291 1100 2336; x_wconf 83' lang='lat' dir='ltr'>eadem</span> <span class='ocrx_word' id='word_1_211' title='bbox 1117 2290 1263 2337; x_wconf 80' lang='lat' dir='ltr'>virtus</span> <span class='ocrx_word' id='word_1_212' title='bbox 1279 2326 1292 2349; x_wconf 96' lang='lat'>,</span> <span class='ocrx_word' id='word_1_213' title='bbox 1312 2307 1412 2354; x_wconf 88' lang='lat' dir='ltr'>quae</span> <span class='ocrx_word' id='word_1_214' title='bbox 1430 2306 1505 2335; x_wconf 90' lang='lat' dir='ltr'>ce-</span> 
     </span>
     <span class='ocr_line' id='line_1_30' title="bbox 236 2362 1505 2427; baseline -0.001 -17"><span class='ocrx_word' id='word_1_215' title='bbox 236 2365 334 2410; x_wconf 82' lang='lat' dir='ltr'>dro.</span> <span class='ocrx_word' id='word_1_216' title='bbox 375 2362 506 2409; x_wconf 77' lang='lat' dir='ltr'>Vasta</span> <span class='ocrx_word' id='word_1_217' title='bbox 526 2362 619 2408; x_wconf 81' lang='lat' dir='ltr'>haec</span> <span class='ocrx_word' id='word_1_218' title='bbox 648 2362 693 2406; x_wconf 91' lang='lat' dir='ltr'>in</span> <span class='ocrx_word' id='word_1_219' title='bbox 714 2362 947 2424; x_wconf 85' lang='lat' dir='ltr'>Hispania,</span> <span class='ocrx_word' id='word_1_220' title='bbox 975 2364 1257 2427; x_wconf 79' lang='lat' dir='ltr'>maximeque</span> <span class='ocrx_word' id='word_1_221' title='bbox 1283 2362 1505 2409; x_wconf 82' lang='lat' dir='ltr'>Vaccaeis:</span> 
     </span>
     <span class='ocr_line' id='line_1_31' title="bbox 237 2436 1507 2501; baseline -0.001 -18"><span class='ocrx_word' id='word_1_222' title='bbox 237 2438 432 2484; x_wconf 89' lang='lat' dir='ltr'>medulla</span> <span class='ocrx_word' id='word_1_223' title='bbox 466 2436 562 2498; x_wconf 82' lang='lat' dir='ltr'>ejus</span> <span class='ocrx_word' id='word_1_224' title='bbox 588 2436 845 2501; x_wconf 86' lang='lat' dir='ltr'>ubicunque</span> <span class='ocrx_word' id='word_1_225' title='bbox 878 2437 1064 2484; x_wconf 88' lang='lat' dir='ltr'>solidior</span> <span class='ocrx_word' id='word_1_226' title='bbox 1092 2438 1246 2495; x_wconf 86' lang='lat' dir='ltr'>etiam,</span> <span class='ocrx_word' id='word_1_227' title='bbox 1268 2453 1401 2499; x_wconf 87' lang='lat' dir='ltr'>quam</span> <span class='ocrx_word' id='word_1_228' title='bbox 1431 2453 1507 2483; x_wconf 90' lang='lat' dir='ltr'>ce-</span> 
     </span>
     <span class='ocr_line' id='line_1_32' title="bbox 243 2507 1512 2572; baseline -0.002 -16"><span class='ocrx_word' id='word_1_229' title='bbox 243 2510 359 2559; x_wconf 83' lang='lat' dir='ltr'>drus.</span> <span class='ocrx_word' id='word_1_230' title='bbox 417 2509 650 2558; x_wconf 85' lang='lat' dir='ltr'>Publicum</span> <span class='ocrx_word' id='word_1_231' title='bbox 692 2509 897 2557; x_wconf 88' lang='lat' dir='ltr'>omnium</span> <span class='ocrx_word' id='word_1_232' title='bbox 938 2510 1102 2561; x_wconf 84' lang='lat' dir='ltr'>vitium</span> <span class='ocrx_word' id='word_1_233' title='bbox 1139 2520 1307 2556; x_wconf 89' lang='lat' dir='ltr'>vocant</span> <span class='ocrx_word' id='word_1_234' title='bbox 1348 2507 1512 2572; x_wconf 83' lang='lat' dir='ltr'>spiras,</span> 
     </span>
    </p>
   </div>
  </div>
 </body>
</html>
