1653 2797
247 158 339 207 322
452 150 483 173 υ
517 140 573 189 c.
618 137 1288 187 PLINILSQECUNDI

243 251 583 309 cidunt‚‚apros,
613 248 663 292 δι’
682 244 728 290 hi
755 242 887 292 casses
905 242 976 290 vel
998 241 1105 288 ferri
1144 244 1284 290 aciem
1310 244 1521 296 vincunt.

241 319 538 382 vidimusque
576 317 664 379 jam
699 315 1115 374 tantaefltenttitatis,
1155 327 1206 360 ut
1230 315 1414 366 anulum
1442 317 1525 380 110,-

244 393 377 442 minis
399 410 502 439 cum
523 389 766 454 epidromis
786 387 1023 434 transirent
1039 423 1053 445 ‚
1070 404 1164 434 uno
1182 389 1524 450 portante-rmil—

239 465 480 516 titudinem
507 481 596 528 qua
619 462 751 510 saltus
774 461 1089 524 cingerentur:
1123 459 1231 524 (nec
1258 460 1306 506 id
1334 460 1524 514 maxime

242 540 437 598 mirum,
472 538 546 585 sed
571 536 741 600 singula
761 551 925 581 earum
952 533 1145 580 stamina·
1162 544 1356 580 centeno
1387 532 1527 596 quin-

243 628 454 676 quageno
487 609 566 656 filo
597 608 825 662 constare:
835 610 855 668 )
880 607 993 653 ficut
1017 607 1154 670 paulo
1183 619 1285 653 ante
1307 607 1424 654 Julio
1439 609 1524 653 Lu-

238 703 331 767 po,
357 684 435 748 qui
458 683 509 729 in
526 682 797 765 ‘praefectura
815 680 1003 744 AEgypti
1025 680 1154 726 obiit.
1190 680 1414 731 Mirentur
1433 680 1524 729 hoe

238 752 505 822 ignorantes
526 757 573 802 in
588 754 790 818 AEgyptii
817 754 1047 817 quondam
1075 752 1218 816 regis,
1235 770 1367 816 quem
1385 755 1525 803 Ama-

245 802 322 880 fiom
353 841 554 886 vocant,
581 830 810 886 thorace.
830 828 877 873 in
894 827 1184 874 Rhodiorum
1205 827 1347 875 insula
1372 828 1525 875 osten*-

244 906 289 952 di
323 906 369 951 in
409 903 580 965 templo
615 902 863 958 Minervae,
897 914 1105 947 CCCLXV
1141 898 1226 947 filis
1254 884 1421 962 singula
1446 899 1527 948 fila

244 976 479 1024 constare:
507 975 632 1039 quod
661 973 703 1020 se
738 985 970 1036 expertum
1006 989 1149 1036 nuper
1174 973 1334 1018 Romae
1369 974 1526 1034 prodi-

247 1050 312 1094 dit
342 1047 577 1094 Mucianus
613 1058 681 1092 ter
706 1045 911 1103 Consul,
937 1045 1184 1108 parvasque
1208 1043 1294 1106 jam
1320 1045 1528 1108 reliquias

245 1121 342 1184 ejus
375 1120 589 1183 supereffe
624 1120 705 1166 hac
743 1118 1069 1181 experientium
1098 1116 1272 1179 injuria.
1295 1132 1299 1140 '
1319 1117 1443 1164 Italia
1474 1120 1527 1168 δε

245 1194 444 1258 Pelignis
475 1193 719 1240 etiamnum
747 1192 848 1239 linis
872 1192 1097 1238 honorem
1129 1190 1294 1249 habeti,
1330 1191 1403 1238 sed
1439 1193 1525 1239 ful-

244 1267 405 1314 lonum
439 1278 614 1312 tantum
647 1265 695 1310 in
728 1263 821 1310 usu.
860 1263 1045 1310 Nullum
1076 1263 1138 1310 est
1166 1263 1424 1323 candidi-us,
1461 1267 1526 1313 la-

243 1356 376 1385 naeve
393 1338 600 1384 similius:
628 1337 740 1385 ficut
763 1338 812 1383 in
839 1337 1015 1384 culcitis
1039 1337 1311 1400 praecipuam
1335 1338 1526 1401 gloriam

242 1412 438 1459 Cadurci
457 1411 680 1458 obtinent.
716 1410 965 1457 Galliarum
985 1411 1103 1468 hoc,
1135 1412 1184 1457 &
1216 1422 1430 1461 tomenta
1447 1430 1524 1474 pa-

244 1485 384 1542 riter,
419 1485 671 1530 inventum.
708 1484 843 1530 Italiae
884 1484 1066 1547 quidem
1102 1500 1201 1531 mos
1238 1484 1371 1531 etiam
1403 1502 1524 1533 nunc

246 1557 375 1602 durat
399 1557 446 1602 in
469 1556 676 1617 appellati
681 1572 769 1601 one
797 1555 1039 1604 stramenti.
1448 1598 1449 1602 ,
1504 1598 1509 1602 .

315 1644 352 1689 3.
383 1630 461 1674 ΑΕΘ
439 1627 602 1691 5y13ti0
635 1626 731 1672 lino
753 1627 990 1672 minimum
1019 1626 1261 1685 firmitatis,
1281 1603 1524 1689 plurimum

245 1701 373 1747 lucri.
400 1701 611 1759 Quatuor
638 1699 701 1744 ibi
729 1715 909 1762 genera:
941 1699 1226 1757 Taniticum,
1249 1716 1300 1745 ac
1330 1700 1525 1746 Pelusia-

246 1790 377 1829 cum,
407 1771 611 1818 Buticum
626 1807 639 1828 ‚
661 1771 998 1834 Tentyriticum
1017 1807 1030 1829 ‚
1054 1789 1154 1818 cum
1177 1771 1414 1834 regioniun
1441 1789 1526 1818 no-

246 1844 443 1891 minibus
456 1879 469 1901 ‚
491 1843 538 1887 in
558 1842 719 1905 quibus
740 1841 992 1892 nascuntur.
1011 1843 1223 1905 Superior
1240 1860 1337 1906 pars
1353 1845 1527 1909 AEgyp-

248 1916 281 1962 ti
317 1915 363 1960 in
383 1914 591 1961 Arabiam
627 1931 817 1977 vergens
853 1914 997 1978 gignit
1022 1914 1257 1973 fruticem,
1283 1931 1417 1978 quem
1441 1917 1526 1969 ali-

250 1987 330 2051 qui
361 1986 589 2050 goffipion
615 1999 812 2044 vocant,
842 1987 991 2050 plures
1021 1988 1198 2052 xylon,
1233 1988 1411 2035 &ideo
1433 1990 1524 2038 lina

244 2059 349 2105 inde
379 2058 490 2104 fac‘ta
521 2058 694 2121 xylina.
723 2061 893 2106 Parvus
919 2060 1002 2119 est,
1033 2059 1311 2123 similemque·
1331 2062 1524 2110 barbatae

246 2130 377 2176 nucis
403 2128 543 2174 defert
565 2129 754 2177 fructum
771 2169 787 2189 ,
820 2131 945 2194 cujus
972 2150 1027 2179 ex
1048 2133 1264 2180 interiore
1292 2134 1524 2199 bombyce

247 2203 414 2264 lanugo
436 2212 582 2248 netur.
615 2203 657 2247 N
662 2219 712 2249 ec
738 2203 830 2250 ulla
855 2204 957 2250 sunt
986 2205 1046 2251 eis
1066 2206 1261 2252 candore
1278 2206 1527 2255 mollitiave

246 2273 538 2337 praeferenda.
573 2274 725 2321 Vestes
752 2275 855 2322 inde
885 2275 1182 2323 sacerdotibus
1212 2278 1399 2341 AEgypti
1423 2294 1522 2340 gra-

242 2345 428 2392 tiffimae.
471 2346 694 2405 Quartum
729 2363 867 2409 genus
901 2347 1261 2394 Orchomenium
1280 2347 1518 2410 appellant.

244 2418 312 2464 Fit
338 2434 362 2464 e
388 2416 570 2480 palustri
600 2418 727 2466 velut
763 2419 980 2467 arundine
1001 2455 1016 2478 ‚
1052 2420 1282 2468 dumtaxat
1312 2419 1518 2484 panicula
