1653 2797
330 0 364 37 ,2

234 167 522 216 NATUR.
560 165 854 214 HISTOR.
889 168 1022 215 LlB.
1060 168 1273 216 XVJII.
1333 185 1386 214 22

136 277 247 324 Bina
269 290 376 324 tunc
408 276 563 340 jugera
582 273 757 337 populo
781 276 993 322 Romano
1016 276 1114 325 satis
1134 289 1260 324 erant
1275 314 1288 336 ‚
1317 278 1419 323 nul-

138 351 259 414 lique
281 349 713 413 majorem·modum
742 348 972 396 attribuit:
1004 368 1099 414 quo
1127 351 1282 399 servos
1306 368 1420 414 pau-

136 424 184 469 lo
222 436 325 470 ante
359 420 576 485 principis
606 420 833 478 Neronis,
864 423 1106 468 contemtis
1134 423 1261 485 hujus
1294 424 1420 487 spatii

138 497 363 543 viridariis
381 531 394 553 ‚
424 493 615 557 piscinas
634 493 762 556 juvat
792 493 954 540 habere
983 493 1202 557 maj0res:
1227 510 1421 560 gratum-

135 587 248 634 que,
269 569 300 614 fi
319 583 415 613 non
434 566 630 631 aliquem
649 568 699 614 &
718 565 902 614 culinas.
924 568 1072 614 Numa
1090 567 1276 615 instituit
1290 571 1422 618 Deos

135 645 265 705 fruge
299 641 450 688 colere
468 677 482 698 ,
518 641 569 688 &
601 640 726 686 mola
756 639 860 687 salsa
888 639 1161 703 supplicare:
1191 654 1323 705 atque
1350 644 1424 708 (ut

135 716 291 764 anaor
328 713 388 761 est
421 713 634 778 Hemina)
667 714 733 761 far
762 730 963 773 torrere,
1001 716 1218 778 quoniam
1252 717 1422 765 tostum

135 789 243 838 cibo
281 788 497 835 salubrius
532 788 648 835 effet.
694 788 875 846 Idffiuno
918 789 1060 834 modo
1094 789 1386 836 consecutum
1407 827 1422 850 ‚

137 861 374 909 statuendo
414 878 510 907 non
541 861 624 907 effe
653 877 813 924 purum
851 860 906 906 ad
936 861 1263 909 rem-divinam
1282 899 1295 922 ‚
1337 864 1419 909 nisi

139 936 319 983 tostum.
345 937 384 982 Is
410 937 460 982 &
479 935 740 981 Fornacalia
767 934 956 981 instituit
975 934 1105 981 farris
1130 937 1334 983 torrendi
1354 937 1422 984 fe—

137 1010 257 1067 riaS‚
297 1011 348 1056 &
387 1025 513 1072 aeque
550 1007 773 1071 religiosas
816 1008 1017 1054 terminis
1054 1025 1276 1072 agrorum.
1325 1012 1422 1057 Hos

138 1085 260 1130 enim
292 1084 423 1129 Deos
455 1094 565 1128 tunc
601 1082 795 1128 maxime
831 1094 1081 1129 noverant:
1126 1083 1362 1148 Sejamque
1398 1103 1422 1132 a

138 1155 355 1214 serendo,
378 1153 600 1218 Segestam
619 1171 643 1199 a
662 1153 878 1218 segetibus
899 1156 1206 1218 appellabant:
1238 1174 1423 1221 quarum

138 1230 371 1278 fimulacra
402 1228 449 1273 in
481 1227 620 1274 Circo
641 1228 862 1275 videmus.
904 1230 1104 1276 Tertiam
1136 1247 1193 1276 ex
1229 1232 1297 1277 his
1332 1248 1421 1277 no—

138 1305 312 1352 minare
334 1302 412 1348 sub
429 1302 547 1347 melo
567 1300 729 1363 religio·
747 1301 820 1348 est.
839 1303 913 1349 'Ac
944 1320 1000 1349 ne
1020 1302 1307 1367 degustabant
1325 1305 1422 1367 qui-

139 1378 241 1423 dem
270 1389 415 1420 novas
445 1371 605 1436 fruges
623 1385 699 1418 aut
724 1373 861 1432 vina,
895 1386 1137 1438 antequam
1172 1375 1422 1421 sacerdotes

141 1448 358 1512 primitias
387 1446 601 1491 libaflent.

228 1522 296 1567 111.
339 1521 499 1582 vIugum
536 1518 819 1576 vocabatur,
853 1518 981 1582 quod
1015 1535 1109 1565 uno
1140 1518 1248 1584 jugo
1282 1522 1422 1569 boum

141 1594 189 1640 in
222 1592 293 1639 die
320 1592 491 1638 exarari
520 1591 676 1654 poss'et.
712 1591 871 1650 Astus,
893 1593 939 1638 in
959 1609 1051 1656 quo
1074 1594 1217 1641 boves
1245 1614 1422 1660 ageren-

141 1679 215 1714 tur
246 1684 350 1714 cum
385 1679 530 1713 aratro
551 1702 565 1725 ,
593 1681 688 1712 uno
722 1666 894 1729 impetu
915 1664 1047 1729 justo.
1081 1668 1167 1715 Hic
1201 1683 1294 1717 erat
1312 1686 1421 1718 cxx

141 1733 305 1805 pedum
325 1758 336 1786 ε
355 1738 703 1804 'duplicatusque
720 1739 768 1785 in
789 1739 1123 1804 longitudinem
1141 1741 1345 1806 jugerum
1364 1744 1424 1791 fa-

140 1814 301 1861 ciebat.
339 1815 477 1861 Dona
510 1812 771 1876 ampliffima
797 1815 1124 1876 Imperatorum
1155 1832 1205 1863 ac
1238 1816 1427 1865 fortium

143 1886 318 1933 civium
331 1922 344 1944 ‚
375 1898 594 1949 quantum
613 1885 712 1949 quis
735 1902 829 1933 uno
855 1887 925 1932 die
944 1886 1185 1949 plurimum
1206 1889 1423 1937 circuma-

143 1959 336 2007 raviffet.
372 1961 479 2006 Item
512 1960 725 2023 quartarii
761 1960 916 2019 farris,
953 1972 1027 2007 aut
1062 1961 1284 2021 heminae,
1311 1982 1426 2013 con-

146 2031 318 2078 ferente
344 2031 531 2094 populo.
560 2033 854 2096 Cognomina
871 2033 1003 2079 etiam
1022 2034 1162 2096 prima
1190 2036 1322 2084 inde:
1352 2038 1428 2084 Pi-

146 2104 320 2162 lumni,
353 2104 431 2169 qui
467 2103 606 2167 pilum
642 2104 834 2168 pistrinis
871 2106 1136 2152 invenerat:
1169 2106 1372 2167 Pisonis,
1405 2128 1429 2157 a

146 2177 350 2241 pisendo·
384 2179 478 2225 Jam
498 2177 738 2224 Fabiorum
755 2214 768 2236 ‚
786 2178 1104 2237 Lentulorum,
1124 2180 1398 2229 Ciceronum
1415 2219 1430 2241 ‚

148 2264 201 2298 ut
220 2251 404 2315 quisque
423 2252 607 2315 aliquod
632 2253 804 2317 optime
827 2270 963 2317 genus
988 2253 1162 2302 sereret.
1192 2257 1431 2304 Juniorum

148 2325 330 2373 familiae
351 2325 598 2371 Bubulcum
630 2326 1010 2386 nominaverunt,
1036 2328 1114 2391 qui
1146 2328 1289 2375 bubus
1312 2331 1434 2393 opti-

148 2415 222 2445 me
258 2399 481 2445 utebatur.
529 2399 655 2458 Quin
692 2400 743 2446 δε
777 2399 826 2445 in
868 2399 996 2447 sacris
1028 2400 1142 2459 nihil
1186 2400 1434 2464 religiosius

151 2471 525 2520 confarreationis
555 2472 744 2520 vinculo
760 2485 882 2521 erat:
910 2491 1137 2538 novaeque
1172 2491 1321 2538 nuptae
1343 2475 1432 2522 far-

205 2549 249 2593 C.
280 2549 394 2592 Plias.
431 2550 527 2592 Vol.
558 2548 644 2593 III.
843 2548 870 2571 ⁴*
1150 2547 1180 2590 Ρ
