1653 2797
259 135 350 185 350
503 118 844 165 C.PLIN11
892 121 1257 169 SECUNDI

257 228 458 291 cipiunt:
494 239 545 273 ut
580 226 723 273 laetius
753 227 1028 290 proveniat,
1066 228 1161 275 sato
1191 230 1377 291 pavitur
1410 242 1541 281 terra.

255 305 312 348 Et
339 299 571 347 cuminum
592 300 670 363 qui
697 300 872 358 serunt,
903 315 1144 364 precantur
1171 320 1226 349 ne
1249 315 1392 351 exeat.
1424 307 1542 365 Quae

253 373 302 419 in
333 372 504 420 cortice
535 371 670 430 sunt,
704 373 966 420 difficillime
998 374 1279 434 inarescunt,
1323 377 1540 425 maxime-

253 464 342 511 que
385 447 586 493 ocimum
618 447 668 493 ὅ(
700 445 830 509 gith:
876 445 1096 492 ficcantur
1127 447 1281 494 omnia
1300 484 1315 507 ‚
1354 465 1407 496 ac
1440 448 1542 496 sunt

256 520 483 568 foecunda.
512 519 682 584 Utique
706 519 895 566 meliora
925 519 1168 567 nascuntur
1196 523 1441 570 acervatim
1473 522 1541 569 sa-

256 607 306 640 to
333 592 530 652 semine,
561 609 695 655 quam
732 591 895 654 sparso,
937 594 1001 637 Ita
1029 605 1149 638 certe
1177 611 1368 656 porrum
1396 597 1446 643 &
1480 594 1542 641 al-

254 666 367 712 liiun
401 663 553 711 serunt
583 663 632 708 in
670 661 844 708 laciniis
884 662 1162 726 colligatum.
1200 666 1369 729 Apium
1405 666 1539 714 etiam

253 737 429 802 paxillo
454 751 650 784 caverna
683 733 824 792 faeta,
858 751 910 782 ac
941 733 1052 781 fimo
1082 735 1269 799 ingesto.

319 811 577 860 Nascuntur
602 821 748 855 autem
781 809 936 856 onmia
964 821 1038 856 aut
1070 809 1233 858 semine
1252 847 1269 869 ‚
1297 823 1372 858 aut
1401 814 1537 861 avul—

254 886 395 932 sione.
431 883 649 944 Quaedam
681 880 846 928 semine
865 918 881 941 ,
902 884 952 930 &
982 882 1187 931 surculo:
1210 896 1258 930 ut
1286 895 1411 944 ruta,
1440 886 1539 932 ori-

253 975 421 1023 ganum
440 994 455 1017 ,
485 957 717 1004 ocimum:
752 956 1004 1019 praecidunt
1035 957 1157 1004 enim
1187 959 1239 1006 &
1271 958 1362 1006 hoc
1383 995 1396 1018 ‚
1433 977 1537 1008 cum

251 1030 464 1096 pervenit
494 1030 548 1077 ad
566 1029 764 1093 palmum
788 1029 1049 1077 altitudinis.
1093 1031 1315 1091 Quaedam
1340 1034 1390 1079 &
1415 1033 1536 1079 radi-

252 1123 306 1152 ce
335 1107 384 1152 &
410 1102 598 1162 semine,
623 1113 674 1149 ut
704 1118 827 1164 caepa
844 1138 859 1161 ‚
893 1101 1073 1161 allium,
1094 1103 1252 1162 bulbi,
1288 1105 1338 1151 ὃς
1363 1104 1396 1150 si
1413 1121 1534 1169 quo-

252 1195 354 1224 rum
381 1178 576 1225 radicem
600 1176 910 1223 anniferorum
939 1176 1215 1240 relinquunt.
1256 1178 1431 1224 Eorum
1449 1196 1534 1226 ve-

246 1270 303 1300 ro
330 1270 430 1316 quae
459 1269 483 1298 a
503 1251 651 1298 radice
669 1249 909 1297 nascuntur
924 1286 939 1310 ,
974 1251 1099 1297 radix
1133 1251 1343 1298 diuturna
1368 1253 1417 1299 &
1438 1251 1533 1299 fru-

247 1325 388 1373 ticosa
415 1325 502 1384 est,
529 1337 579 1372 ut
609 1324 765 1383 bulbi,
796 1325 982 1390 gefnyi,
1019 1325 1165 1373 scillae.
1197 1326 1426 1373 Fruticant
1448 1327 1533 1374 alia

248 1403 298 1449 δε
322 1418 418 1447 non
453 1399 598 1464 capite
616 1436 630 1459 ‚
656 1413 705 1446 ut
729 1400 880 1463 apium
898 1401 948 1448 ὃ(
968 1401 1079 1447 ὺεῐει.
1111 1399 1251 1447 Caule
1276 1399 1418 1447 reciso
1437 1399 1530 1449 fere

247 1476 430 1538 quidem
459 1473 613 1521 omnia
630 1473 955 1537 regerminant,
982 1473 1180 1537 exceptis
1200 1489 1301 1538 quae
1326 1489 1423 1520 non
1440 1473 1530 1521 sca-

245 1548 378 1595 hrum
405 1546 581 1592 caulem
616 1545 809 1590 habent:
851 1548 899 1592 ὃς
924 1545 971 1590 in
995 1545 1121 1592 usum
1148 1561 1264 1592 vero
1294 1546 1495 1593 ocimum
1514 1582 1530 1606 ‚

177 1651 190 1666 ι
245 1619 496 1682 raphanus,
516 1617 696 1663 laftuca.
734 1616 862 1662 Hanc
890 1616 1022 1661 etiam
1046 1615 1301 1662 suaviorem
1325 1630 1486 1678 putant
1503 1635 1527 1664 a

244 1688 636 1754 regerminatione.
660 1686 900 1749 Raphanus
923 1685 1075 1748 utique
1097 1685 1343 1747 jucundior
1363 1687 1525 1736 detra&

245 1765 302 1810 tis
337 1761 458 1808 foliis
491 1772 731 1823 antequam
766 1758 1052 1805 decaulescat.
1092 1760 1195 1804 Hoc
1231 1759 1281 1806 &
1314 1758 1361 1803 in
1392 1761 1523 1822 rapis.

244 1839 367 1885 Nam
395 1838 445 1884 &
475 1835 628 1881 eadem
659 1833 841 1896 direptis
865 1830 986 1878 foliis
1024 1845 1243 1894 cooperta
1264 1842 1379 1877 terra
1406 1832 1524 1880 cres-

245 1920 385 1966 cunt,
421 1907 670 1970 durantque
701 1904 747 1950 in
784 1903 942 1950 aestate.

311 1979 553 2029 XXXVII.
573 1979 754 2043 Singula
782 1994 943 2042 genera
974 1975 1072 2022 sunt
1104 1975 1257 2023 ocimo
1277 2011 1290 2034 ‚
1316 1975 1522 2039 lapatho,

244 2054 361 2102 blito
379 2089 394 2112 ,
423 2051 664 2110 nasturtio,
686 2068 828 2098 erucae
842 2086 855 2109 ‚
875 2049 1067 2113 atriplici
1083 2084 1097 2108 ,
1120 2049 1363 2096 coriandro
1377 2085 1391 2108 ,
1413 2066 1521 2095 ane-

245 2127 342 2174 tho.
378 2127 488 2172 Haec
522 2124 641 2171 enim
675 2124 841 2187 ubique
877 2124 1029 2169 eadem
1060 2121 1187 2179 sunt,
1224 2137 1368 2185 neque
1401 2121 1522 2168 aliud

246 2201 338 2248 alio
359 2199 516 2246 melius
541 2198 734 2262 usquam.
772 2200 937 2244 Rutam
966 2197 1184 2245 furtivam
1212 2209 1385 2242 tantum
1413 2212 1518 2259 pro-

245 2273 406 2320 venire
437 2271 623 2319 fertilius
653 2284 834 2333 putant,
856 2271 968 2317 ficut
997 2285 1098 2332 apes
1118 2268 1307 2315 furtivas
1325 2268 1516 2331 peflime.

246 2347 502 2394 Nascuntur
536 2346 669 2392 etiam
700 2362 794 2391 non
821 2345 907 2391 sata
926 2379 941 2401 ,
970 2342 1256 2389 mentastrum
1272 2378 1288 2399 ,
1323 2354 1480 2404 nepeta
1501 2377 1516 2400 ,

244 2419 479 2480 intubum,
497 2418 740 2483 pulegium.
773 2418 970 2477 Contra,
990 2417 1118 2480 plura
1138 2431 1296 2479 genera
1315 2413 1414 2461 sunt
1433 2430 1513 2460 eo-
