1653 2797
234 191 317 251 ηε
504 187 1243 237 C.PL1N1151{CUND1

226 314 377 345 cerrus
417 296 620 344 celeriter
657 295 945 344 marcescunt.
985 295 1168 343 Esculus
1205 313 1387 361 quoque
1420 297 1509 344 hu-

225 370 365 416 moris
389 369 639 432 impatiens.
667 372 839 418 Contra
864 371 1016 417 ada&a
1047 369 1093 415 in
1119 382 1281 416 terram
1302 369 1349 415 in
1379 370 1507 432 palu-

228 443 387 495 stribus
431 443 556 491 alnus
602 456 792 503 aeterna,
828 441 1067 508 onerisque
1113 442 1381 508 quantilibet
1425 461 1507 506 pa—

227 515 343 563 tiens
365 533 374 561 :
404 515 575 563 cerasus
604 515 731 563 firma
752 535 763 562 :
795 516 940 562 ulmus
964 519 1013 565 &
1030 516 1226 564 fraxinus
1251 516 1408 575 lentae,
1435 515 1509 562 sed

227 588 354 636 facile
382 589 659 652 pandantur:
691 589 862 635 flexiles
894 600 1071 646 tamen,
1093 588 1339 652 stantesque
1367 606 1392 635 a
1417 589 1510 636 cir-

227 662 471 710 cumcisura
499 663 669 710 ficcatae
697 661 934 709 fideliores.
965 662 1166 709 Laricem
1198 662 1244 708 in
1273 660 1508 708 maritimis

227 736 419 783 navibus
461 736 710 782 obnoxiam
750 735 938 781 teredini
984 736 1199 781 tradunt:
1237 734 1507 796 omniaque,

226 821 524 873 praeterquam
550 808 790 855 oleastrum
809 807 1037 855 <Sc-oleam.
1073 807 1295 867 Quaedam
1314 807 1434 854 enim
1460 808 1508 855 in

225 883 369 940 mari,
399 882 602 944 quaedam
630 881 676 926 in
704 893 822 927 terra
853 881 975 928 vitiis
1011 879 1360 944 opportuniora.

290 955 484 1001 LXXX.
528 952 834 1000 Infestantium
868 965 1063 1018 quatuor
1098 970 1272 1017 genera.
1317 951 1508 1000 Teredi-

228 1045 304 1074 nes
338 1027 478 1089 capite
506 1027 560 1073 ad
590 1025 850 1089 portionem
885 1026 1168 1090 graviffimo:
1200 1026 1367 1072 rodunt
1397 1025 1510 1071 den-

228 1102 357 1146 tibus.
387 1100 471 1145 Hae
488 1110 659 1147 tantum
678 1098 723 1144 in
744 1099 857 1145 mari
876 1099 1123 1146 sentiuntur
1143 1118 1153 1145 ε
1173 1116 1256 1147 nec
1276 1098 1406 1146 aliam
1427 1115 1506 1161 pu-

228 1185 324 1219 tant
346 1171 590 1219 teredinem
618 1170 805 1235 proprie
834 1170 935 1217 dici.
961 1171 1239 1230 Terrestres‚
1258 1171 1398 1217 tineas
1419 1186 1508 1216 vo·

229 1258 370 1293 cant:
414 1246 632 1293 culicibus
672 1261 787 1292 vero
825 1244 1011 1303 similes,
1048 1244 1228 1309 thripas.
1281 1247 1506 1306 Quartum

227 1319 287 1365 est
312 1320 362 1366 δε
392 1336 414 1365 e
442 1317 799 1367 vermiculorum
834 1334 1020 1383 genere:
1048 1320 1098 1366 &
1128 1336 1287 1367 eorum
1315 1318 1391 1366 alii
1419 1336 1505 1381 pii-

226 1389 442 1439 trescente
476 1388 610 1436 succo
641 1387 731 1452 ipsa
760 1388 974 1437 materie:
1011 1389 1084 1437 alii
1113 1389 1369 1452 pariuntur,
1396 1389 1507 1436 ficut

228 1463 275 1508 in
311 1462 568 1520 arboribus,
605 1479 661 1509 ex
702 1478 757 1508 eo
800 1462 877 1525 qui
915 1462 1098 1510 cerastes
1133 1469 1355 1511 vocatur.'
1387 1463 1505 1512 Cum

227 1548 401 1583 tantum
429 1536 642 1594 eroserit,
670 1548 720 1582 ut
751 1537 1025 1598 circumagat
1055 1535 1096 1582 se
1111 1573 1125 1594 ,
1148 1547 1331 1599 generat
1355 1534 1504 1581 alium.

230 1612 338 1657 Haec
362 1610 482 1657 nasci
508 1611 719 1673 prohibet
747 1610 793 1656 in
814 1609 910 1656 aliis
941 1609 1188 1655 amaritudo
1205 1645 1218 1667 ‚
1246 1621 1296 1655 ut
1326 1607 1505 1671 cupresv

227 1682 306 1728 so:
342 1683 389 1728 in
418 1683 512 1729 aliis
541 1683 725 1740 duritia,
750 1694 799 1728 ut
830 1681 971 1728 buxo.
1006 1681 1213 1728 Tradunt
1239 1684 1288 1730 &
1313 1681 1503 1728 abietem

229 1755 345 1802 circa
391 1756 738 1820 germinationes
790 1753 1111 1801 decorticatam
1129 1790 1143 1812 ‚
1186 1772 1274 1818 qua
1310 1754 1505 1801 diximus

230 1830 377 1887 Luna,
397 1829 522 1893 aquis
553 1845 648 1875 non
682 1827 925 1890 corrumpi.
969 1826 1214 1873 Alexandri
1243 1827 1398 1890 Magni
1420 1843 1503 1876 co-

229 1901 357 1949 mites
379 1903 699 1965 prod-iderunt‚
720 1902 766 1948 in
792 1901 925 1965 Tylo
946 1900 1090 1946 Rubri
1113 1900 1245 1947 maris
1271 1899 1412 1950 insula
1435 1919 1504 1948 ars-

228 1961 364 2023 bores
390 1977 472 2023 effe
487 2013 501 2036 ‚
521 1994 576 2023 ex
604 1977 764 2040 quibus
790 1992 928 2022 naves
947 1974 1127 2022 fierent:
1155 1992 1261 2039 quas
1285 1989 1354 2022 cc·
1375 1976 1506 2023 annis

229 2048 432 2095 durantes
453 2049 658 2095 inventas
682 2067 691 2094 :
722 2049 773 2099 ὅτ
801 2049 832 2094 fi
853 2059 1184 2111 mergerentur,
1204 2047 1503 2110 incorruptas.

226 2120 274 2166 In
302 2119 454 2165 eadem
476 2120 559 2166 effe
581 2119 786 2166 fruticem
810 2119 978 2169 baculis
1001 2130 1173 2166 tantum
1197 2119 1374 2166 idoneae
1393 2119 1503 2166 cras}-

225 2191 450 2250 fitudinis‚
470 2193 647 2241 varium
674 2194 852 2257 tigrium
872 2193 1075 2251 maculis,
1097 2193 1428 2256 ponderosum:
1451 2197 1502 2244 &

222 2281 328 2312 cum
346 2265 392 2310 in
412 2265 610 2327 spifliora
628 2265 830 2324 decidat,
853 2265 961 2311 vitri
982 2265 1124 2311 modo
1145 2264 1362 2328 fragilem.

306 2335 523 2385 LXXXI.
559 2338 689 2400 Apud
720 2355 803 2385 nos
843 2337 1036 2384 materiae
1072 2336 1303 2386 finduntur
1336 2336 1498 2401 aliquae

225 2410 413 2473 sponte:
448 2413 508 2458 ob
534 2412 580 2458 id
607 2412 832 2460 architeffi
858 2429 928 2459 eas
954 2411 1064 2460 fimo
1092 2413 1223 2461 illitas
1254 2413 1402 2460 siccari
1429 2411 1495 2474 ju·

206 2483 356 2544 beat,
387 2497 436 2534 ut
469 2485 635 2537 afflatus
671 2502 764 2532 non
807 2497 1015 2537 noceant.
1070 2485 1248 2533 Pondus
1285 2484 1494 2535 sustinere
