<?xml version="1.0" encoding="UTF-8"?>
<!DOCTYPE html PUBLIC "-//W3C//DTD XHTML 1.0 Transitional//EN"
    "http://www.w3.org/TR/xhtml1/DTD/xhtml1-transitional.dtd">
<html xmlns="http://www.w3.org/1999/xhtml" xml:lang="en" lang="en">
 <head>
  <title>
</title>
<meta http-equiv="Content-Type" content="text/html;charset=utf-8" />
  <meta name='ocr-system' content='tesseract 3.04.00' />
  <meta name='ocr-capabilities' content='ocr_page ocr_carea ocr_par ocr_line ocrx_word'/>
</head>
<body>
  <div class='ocr_page' id='page_1' title='image "./caiipliniisecund03plinuoft_0265.png"; bbox 0 0 1653 2797; ppageno 0'>
   <div class='ocr_carea' id='block_1_1' title="bbox 224 180 1409 246">
    <p class='ocr_par' dir='ltr' id='par_1_1' title="bbox 224 180 1409 246">
     <span class='ocr_line' id='line_1_1' title="bbox 224 180 1409 246; baseline -0.005 -14"><span class='ocrx_word' id='word_1_1' title='bbox 224 180 1279 232; x_wconf 80' lang='lat' dir='ltr'>NATUR.H18TOR.LIB.XV111.</span> <span class='ocrx_word' id='word_1_2' title='bbox 1317 194 1409 246; x_wconf 72' lang='lat'>257</span> 
     </span>
    </p>
   </div>
   <div class='ocr_carea' id='block_1_2' title="bbox 130 284 1454 2607">
    <p class='ocr_par' dir='ltr' id='par_1_2' title="bbox 130 284 1454 2607">
     <span class='ocr_line' id='line_1_2' title="bbox 130 284 1410 356; baseline -0.003 -16"><span class='ocrx_word' id='word_1_3' title='bbox 130 284 230 340; x_wconf 73' lang='lat' dir='ltr'>lunt</span> <span class='ocrx_word' id='word_1_4' title='bbox 246 330 258 352; x_wconf 82' lang='lat'><strong><em>‚</em></strong></span> <span class='ocrx_word' id='word_1_5' title='bbox 277 302 531 356; x_wconf 82' lang='lat' dir='ltr'>precantem</span> <span class='ocrx_word' id='word_1_6' title='bbox 554 288 635 335; x_wconf 83' lang='lat' dir='ltr'>fibi</span> <span class='ocrx_word' id='word_1_7' title='bbox 653 289 704 335; x_wconf 89' lang='lat'>&amp;</span> <span class='ocrx_word' id='word_1_8' title='bbox 722 287 886 336; x_wconf 86' lang='lat' dir='ltr'>vicinis</span> <span class='ocrx_word' id='word_1_9' title='bbox 903 289 1044 337; x_wconf 90' lang='lat' dir='ltr'>serere</span> <span class='ocrx_word' id='word_1_10' title='bbox 1064 290 1120 338; x_wconf 86' lang='lat' dir='ltr'>se.</span> <span class='ocrx_word' id='word_1_11' title='bbox 1155 293 1279 339; x_wconf 79' lang='lat' dir='ltr'>Sarus</span> <span class='ocrx_word' id='word_1_12' title='bbox 1299 291 1410 337; x_wconf 74' lang='lat' dir='ltr'>utri-¹</span> 
     </span>
     <span class='ocr_line' id='line_1_3' title="bbox 131 360 1410 430; baseline -0.002 -18"><span class='ocrx_word' id='word_1_13' title='bbox 131 383 219 428; x_wconf 89' lang='lat' dir='ltr'>que</span> <span class='ocrx_word' id='word_1_14' title='bbox 254 364 403 430; x_wconf 79' lang='lat' dir='ltr'><strong>generi</strong></span> <span class='ocrx_word' id='word_1_15' title='bbox 443 362 580 424; x_wconf 84' lang='lat' dir='ltr'>justus</span> <span class='ocrx_word' id='word_1_16' title='bbox 600 394 613 419; x_wconf 80' lang='lat'>‚</span> <span class='ocrx_word' id='word_1_17' title='bbox 649 360 767 408; x_wconf 74' lang='lat' dir='ltr'>inter</span> <span class='ocrx_word' id='word_1_18' title='bbox 806 362 1002 408; x_wconf 86' lang='lat' dir='ltr'>duorum</span> <span class='ocrx_word' id='word_1_19' title='bbox 1040 365 1277 412; x_wconf 84' lang='lat' dir='ltr'>numinum</span> <span class='ocrx_word' id='word_1_20' title='bbox 1318 364 1410 412; x_wconf 86' lang='lat' dir='ltr'>dies</span> 
     </span>
     <span class='ocr_line' id='line_1_4' title="bbox 131 433 1412 500; baseline -0.003 -15"><span class='ocrx_word' id='word_1_21' title='bbox 131 438 290 496; x_wconf 89' lang='lat' dir='ltr'>festos,</span> <span class='ocrx_word' id='word_1_22' title='bbox 323 433 522 499; x_wconf 82' lang='lat' dir='ltr'>Neptuni</span> <span class='ocrx_word' id='word_1_23' title='bbox 551 442 682 496; x_wconf 83' lang='lat' dir='ltr'>atque</span> <span class='ocrx_word' id='word_1_24' title='bbox 719 433 927 480; x_wconf 36' lang='lat' dir='ltr'>Vulcani*</span> <span class='ocrx_word' id='word_1_25' title='bbox 974 436 1228 500; x_wconf 80' lang='lat' dir='ltr'>Feruntque</span> <span class='ocrx_word' id='word_1_26' title='bbox 1263 435 1412 483; x_wconf 81' lang='lat' dir='ltr'>subtili</span> 
     </span>
     <span class='ocr_line' id='line_1_5' title="bbox 133 503 1411 570; baseline -0.003 -12"><span class='ocrx_word' id='word_1_27' title='bbox 133 508 481 566; x_wconf 70' lang='lat' dir='ltr'>observatione,</span> <span class='ocrx_word' id='word_1_28' title='bbox 513 518 655 570; x_wconf 86' lang='lat' dir='ltr'>quota</span> <span class='ocrx_word' id='word_1_29' title='bbox 688 503 813 552; x_wconf 82' lang='lat' dir='ltr'>Luna</span> <span class='ocrx_word' id='word_1_30' title='bbox 848 507 1128 568; x_wconf 85' lang='lat' dir='ltr'>praecedente</span> <span class='ocrx_word' id='word_1_31' title='bbox 1160 510 1303 556; x_wconf 81' lang='lat' dir='ltr'>hieme</span> <span class='ocrx_word' id='word_1_32' title='bbox 1330 509 1411 555; x_wconf 78' lang='lat' dir='ltr'>nix</span> 
     </span>
     <span class='ocr_line' id='line_1_6' title="bbox 131 577 1411 647; baseline -0.002 -17"><span class='ocrx_word' id='word_1_33' title='bbox 131 584 275 647; x_wconf 86' lang='lat' dir='ltr'>prima</span> <span class='ocrx_word' id='word_1_34' title='bbox 299 579 529 638; x_wconf 82' lang='lat' dir='ltr'>ceciderit,</span> <span class='ocrx_word' id='word_1_35' title='bbox 555 578 586 624; x_wconf 88' lang='lat' dir='ltr'>fi</span> <span class='ocrx_word' id='word_1_36' title='bbox 611 578 802 626; x_wconf 86' lang='lat' dir='ltr'>totidem</span> <span class='ocrx_word' id='word_1_37' title='bbox 823 577 1041 624; x_wconf 87' lang='lat' dir='ltr'>luminum</span> <span class='ocrx_word' id='word_1_38' title='bbox 1066 580 1136 625; x_wconf 89' lang='lat' dir='ltr'>die</span> <span class='ocrx_word' id='word_1_39' title='bbox 1158 579 1275 628; x_wconf 72' lang='lat' dir='ltr'>intra</span> <span class='ocrx_word' id='word_1_40' title='bbox 1298 600 1411 644; x_wconf 80' lang='lat' dir='ltr'>prae-</span> 
     </span>
     <span class='ocr_line' id='line_1_7' title="bbox 131 652 1411 717; baseline -0.003 -14"><span class='ocrx_word' id='word_1_41' title='bbox 131 656 295 703; x_wconf 53' lang='lat' dir='ltr'>dierum</span> <span class='ocrx_word' id='word_1_42' title='bbox 325 652 544 717; x_wconf 87' lang='lat' dir='ltr'>temporis</span> <span class='ocrx_word' id='word_1_43' title='bbox 571 652 758 716; x_wconf 85' lang='lat' dir='ltr'>spatium</span> <span class='ocrx_word' id='word_1_44' title='bbox 788 652 1020 709; x_wconf 86' lang='lat' dir='ltr'>serantur,</span> <span class='ocrx_word' id='word_1_45' title='bbox 1050 652 1162 698; x_wconf 84' lang='lat' dir='ltr'>mire</span> <span class='ocrx_word' id='word_1_46' title='bbox 1190 655 1411 716; x_wconf 55' lang='lat' dir='ltr'>proveni-2</span> 
     </span>
     <span class='ocr_line' id='line_1_8' title="bbox 131 726 1334 789; baseline -0.002 -13"><span class='ocrx_word' id='word_1_47' title='bbox 131 745 194 776; x_wconf 88' lang='lat' dir='ltr'>re.</span> <span class='ocrx_word' id='word_1_48' title='bbox 225 730 442 775; x_wconf 87' lang='lat' dir='ltr'>Seruntur</span> <span class='ocrx_word' id='word_1_49' title='bbox 476 729 526 774; x_wconf 87' lang='lat'>&amp;</span> <span class='ocrx_word' id='word_1_50' title='bbox 553 743 662 773; x_wconf 87' lang='lat' dir='ltr'>vere</span> <span class='ocrx_word' id='word_1_51' title='bbox 693 726 741 772; x_wconf 91' lang='lat' dir='ltr'>in</span> <span class='ocrx_word' id='word_1_52' title='bbox 773 726 925 773; x_wconf 79' lang='lat' dir='ltr'>calidis</span> <span class='ocrx_word' id='word_1_53' title='bbox 959 737 1091 789; x_wconf 82' lang='lat' dir='ltr'>atque</span> <span class='ocrx_word' id='word_1_54' title='bbox 1125 726 1334 773; x_wconf 81' lang='lat' dir='ltr'><strong>humidis.</strong></span> 
     </span>
     <span class='ocr_line' id='line_1_9' title="bbox 197 798 1412 863; baseline -0.001 -14"><span class='ocrx_word' id='word_1_55' title='bbox 197 803 415 849; x_wconf 89' lang='lat' dir='ltr'>XXXVI.</span> <span class='ocrx_word' id='word_1_56' title='bbox 448 799 630 863; x_wconf 90' lang='lat' dir='ltr'>Lupino</span> <span class='ocrx_word' id='word_1_57' title='bbox 660 798 850 846; x_wconf 81' lang='lat' dir='ltr'>estusus</span> <span class='ocrx_word' id='word_1_58' title='bbox 871 800 1104 861; x_wconf 83' lang='lat' dir='ltr'>proximus</span> <span class='ocrx_word' id='word_1_59' title='bbox 1123 835 1137 858; x_wconf 84' lang='lat'>‚</span> <span class='ocrx_word' id='word_1_60' title='bbox 1162 817 1263 847; x_wconf 84' lang='lat' dir='ltr'>cum</span> <span class='ocrx_word' id='word_1_61' title='bbox 1289 801 1340 846; x_wconf 73' lang='lat' dir='ltr'>sit</span> <span class='ocrx_word' id='word_1_62' title='bbox 1362 802 1412 848; x_wconf 67' lang='grc' dir='ltr'>δε</span> 
     </span>
     <span class='ocr_line' id='line_1_10' title="bbox 132 874 1415 938; baseline -0.002 -14"><span class='ocrx_word' id='word_1_63' title='bbox 132 877 341 934; x_wconf 85' lang='lat' dir='ltr'>homini,</span> <span class='ocrx_word' id='word_1_64' title='bbox 367 877 418 923; x_wconf 87' lang='lat'>&amp;</span> <span class='ocrx_word' id='word_1_65' title='bbox 448 875 786 938; x_wconf 84' lang='lat' dir='ltr'>quadrupedum</span> <span class='ocrx_word' id='word_1_66' title='bbox 810 874 960 938; x_wconf 82' lang='lat' dir='ltr'>generi</span> <span class='ocrx_word' id='word_1_67' title='bbox 986 874 1170 937; x_wconf 82' lang='lat' dir='ltr'>ungulas</span> <span class='ocrx_word' id='word_1_68' title='bbox 1199 876 1381 922; x_wconf 76' lang='lat' dir='ltr'>habenti</span> <span class='ocrx_word' id='word_1_69' title='bbox 1400 911 1415 932; x_wconf 84' lang='lat'>‚</span> 
     </span>
     <span class='ocr_line' id='line_1_11' title="bbox 137 945 1415 1011; baseline -0.002 -14"><span class='ocrx_word' id='word_1_70' title='bbox 137 949 404 997; x_wconf 89' lang='lat' dir='ltr'>communis.</span> <span class='ocrx_word' id='word_1_71' title='bbox 434 947 700 993; x_wconf 85' lang='lat' dir='ltr'>Remedium</span> <span class='ocrx_word' id='word_1_72' title='bbox 725 945 842 1008; x_wconf 82' lang='lat' dir='ltr'>ejus,</span> <span class='ocrx_word' id='word_1_73' title='bbox 866 963 921 991; x_wconf 88' lang='lat' dir='ltr'>ne</span> <span class='ocrx_word' id='word_1_74' title='bbox 940 959 1156 993; x_wconf 77' lang='lat' dir='ltr'>metentes</span> <span class='ocrx_word' id='word_1_75' title='bbox 1177 947 1318 1011; x_wconf 79' lang='lat' dir='ltr'>fugiat</span> <span class='ocrx_word' id='word_1_76' title='bbox 1335 966 1415 995; x_wconf 80' lang='lat' dir='ltr'>ex-</span> 
     </span>
     <span class='ocr_line' id='line_1_12' title="bbox 136 1018 1415 1080; baseline -0.002 -11"><span class='ocrx_word' id='word_1_77' title='bbox 136 1022 346 1079; x_wconf 80' lang='lat' dir='ltr'>siliendo,</span> <span class='ocrx_word' id='word_1_78' title='bbox 381 1032 429 1067; x_wconf 91' lang='lat' dir='ltr'>ut</span> <span class='ocrx_word' id='word_1_79' title='bbox 461 1020 515 1065; x_wconf 81' lang='lat' dir='ltr'>ab</span> <span class='ocrx_word' id='word_1_80' title='bbox 555 1018 697 1065; x_wconf 84' lang='lat' dir='ltr'>imbre</span> <span class='ocrx_word' id='word_1_81' title='bbox 738 1018 935 1065; x_wconf 82' lang='lat' dir='ltr'>tollatur.</span> <span class='ocrx_word' id='word_1_82' title='bbox 987 1021 1084 1066; x_wconf 87' lang='lat' dir='ltr'>Nec</span> <span class='ocrx_word' id='word_1_83' title='bbox 1118 1020 1284 1079; x_wconf 74' lang='lat' dir='ltr'>ullius,</span> <span class='ocrx_word' id='word_1_84' title='bbox 1314 1038 1415 1080; x_wconf 72' lang='lat' dir='ltr'>quae</span> 
     </span>
     <span class='ocr_line' id='line_1_13' title="bbox 135 1081 1414 1151; baseline -0.002 -10"><span class='ocrx_word' id='word_1_85' title='bbox 135 1094 368 1151; x_wconf 84' lang='lat' dir='ltr'>seruntur,</span> <span class='ocrx_word' id='word_1_86' title='bbox 395 1104 552 1139; x_wconf 86' lang='lat' dir='ltr'>natura</span> <span class='ocrx_word' id='word_1_87' title='bbox 582 1089 749 1137; x_wconf 82' lang='lat' dir='ltr'>affensu</span> <span class='ocrx_word' id='word_1_88' title='bbox 773 1101 902 1137; x_wconf 80' lang='lat' dir='ltr'>terrae</span> <span class='ocrx_word' id='word_1_89' title='bbox 933 1092 1180 1139; x_wconf 83' lang='lat' dir='ltr'>mirabilior</span> <span class='ocrx_word' id='word_1_90' title='bbox 1209 1093 1284 1139; x_wconf 83' lang='lat' dir='ltr'>est.</span> <span class='ocrx_word' id='word_1_91' title='bbox 1314 1081 1414 1138; x_wconf 77' lang='lat' dir='ltr'>Pri-</span> 
     </span>
     <span class='ocr_line' id='line_1_14' title="bbox 135 1165 1416 1230; baseline -0.002 -15"><span class='ocrx_word' id='word_1_92' title='bbox 135 1182 260 1215; x_wconf 84' lang='lat' dir='ltr'>mum</span> <span class='ocrx_word' id='word_1_93' title='bbox 298 1167 501 1213; x_wconf 89' lang='lat' dir='ltr'>omnium</span> <span class='ocrx_word' id='word_1_94' title='bbox 540 1182 642 1212; x_wconf 89' lang='lat' dir='ltr'>cum</span> <span class='ocrx_word' id='word_1_95' title='bbox 680 1165 785 1211; x_wconf 83' lang='lat' dir='ltr'>Sole</span> <span class='ocrx_word' id='word_1_96' title='bbox 817 1165 1019 1228; x_wconf 86' lang='lat' dir='ltr'>quotidie</span> <span class='ocrx_word' id='word_1_97' title='bbox 1060 1168 1375 1230; x_wconf 71' lang='lat' dir='ltr'>circumagitur</span> <span class='ocrx_word' id='word_1_98' title='bbox 1398 1204 1416 1224; x_wconf 82' lang='grc'>,</span> 
     </span>
     <span class='ocr_line' id='line_1_15' title="bbox 135 1235 1417 1304; baseline -0.003 -15"><span class='ocrx_word' id='word_1_99' title='bbox 135 1235 358 1304; x_wconf 86' lang='lat' dir='ltr'>horasque</span> <span class='ocrx_word' id='word_1_100' title='bbox 393 1237 600 1303; x_wconf 84' lang='lat' dir='ltr'>agricolis</span> <span class='ocrx_word' id='word_1_101' title='bbox 633 1238 763 1284; x_wconf 87' lang='lat' dir='ltr'>etiam</span> <span class='ocrx_word' id='word_1_102' title='bbox 798 1238 956 1283; x_wconf 82' lang='lat' dir='ltr'>nubilo</span> <span class='ocrx_word' id='word_1_103' title='bbox 992 1238 1277 1285; x_wconf 79' lang='lat' dir='ltr'>demonstrar.</span> <span class='ocrx_word' id='word_1_104' title='bbox 1325 1242 1417 1286; x_wconf 80' lang='lat' dir='ltr'>Ter</span> 
     </span>
     <span class='ocr_line' id='line_1_16' title="bbox 139 1312 1420 1378; baseline -0.002 -18"><span class='ocrx_word' id='word_1_105' title='bbox 139 1326 355 1378; x_wconf 80' lang='lat' dir='ltr'>praeterea</span> <span class='ocrx_word' id='word_1_106' title='bbox 376 1312 536 1359; x_wconf 88' lang='lat' dir='ltr'>floret:</span> <span class='ocrx_word' id='word_1_107' title='bbox 564 1323 727 1358; x_wconf 86' lang='lat' dir='ltr'>terram</span> <span class='ocrx_word' id='word_1_108' title='bbox 748 1324 887 1368; x_wconf 85' lang='lat' dir='ltr'>amat,</span> <span class='ocrx_word' id='word_1_109' title='bbox 907 1323 1112 1375; x_wconf 82' lang='lat' dir='ltr'>terraque</span> <span class='ocrx_word' id='word_1_110' title='bbox 1134 1312 1301 1374; x_wconf 86' lang='lat' dir='ltr'>operiri</span> <span class='ocrx_word' id='word_1_111' title='bbox 1321 1329 1420 1358; x_wconf 82' lang='lat' dir='ltr'>non</span> 
     </span>
     <span class='ocr_line' id='line_1_17' title="bbox 140 1382 1419 1444; baseline -0.002 -11"><span class='ocrx_word' id='word_1_112' title='bbox 140 1386 255 1434; x_wconf 85' lang='lat' dir='ltr'>vult.</span> <span class='ocrx_word' id='word_1_113' title='bbox 286 1388 342 1432; x_wconf 83' lang='lat' dir='ltr'>Et</span> <span class='ocrx_word' id='word_1_114' title='bbox 364 1401 504 1431; x_wconf 85' lang='lat' dir='ltr'>unum</span> <span class='ocrx_word' id='word_1_115' title='bbox 527 1383 618 1431; x_wconf 80' lang='lat' dir='ltr'>&#39;noc</span> <span class='ocrx_word' id='word_1_116' title='bbox 642 1382 798 1429; x_wconf 86' lang='lat' dir='ltr'>seritur</span> <span class='ocrx_word' id='word_1_117' title='bbox 827 1398 922 1428; x_wconf 90' lang='lat' dir='ltr'>non</span> <span class='ocrx_word' id='word_1_118' title='bbox 950 1395 1089 1430; x_wconf 82' lang='lat' dir='ltr'>arato.</span> <span class='ocrx_word' id='word_1_119' title='bbox 1127 1385 1304 1444; x_wconf 78' lang='lat' dir='ltr'>Quaerit</span> <span class='ocrx_word' id='word_1_120' title='bbox 1322 1403 1419 1431; x_wconf 47' lang='lat' dir='ltr'>ma*</span> 
     </span>
     <span class='ocr_line' id='line_1_18' title="bbox 138 1456 1422 1518; baseline -0.001 -14"><span class='ocrx_word' id='word_1_121' title='bbox 138 1458 262 1505; x_wconf 73' lang='lat' dir='ltr'>xime</span> <span class='ocrx_word' id='word_1_122' title='bbox 292 1456 519 1516; x_wconf 81' lang='lat' dir='ltr'>sabulosa,</span> <span class='ocrx_word' id='word_1_123' title='bbox 539 1458 588 1504; x_wconf 63' lang='grc' dir='ltr'>δέ</span> <span class='ocrx_word' id='word_1_124' title='bbox 617 1456 756 1512; x_wconf 82' lang='lat' dir='ltr'>sicca,</span> <span class='ocrx_word' id='word_1_125' title='bbox 773 1466 902 1518; x_wconf 78' lang='lat' dir='ltr'>atque</span> <span class='ocrx_word' id='word_1_126' title='bbox 932 1456 1063 1502; x_wconf 76' lang='lat' dir='ltr'>etiam</span> <span class='ocrx_word' id='word_1_127' title='bbox 1091 1457 1287 1503; x_wconf 81' lang='lat' dir='ltr'>arenosa.</span> <span class='ocrx_word' id='word_1_128' title='bbox 1309 1458 1422 1505; x_wconf 76' lang='lat' dir='ltr'>Coli</span> 
     </span>
     <span class='ocr_line' id='line_1_19' title="bbox 137 1529 1423 1595; baseline 0 -17"><span class='ocrx_word' id='word_1_129' title='bbox 137 1532 295 1595; x_wconf 86' lang='lat' dir='ltr'>utique</span> <span class='ocrx_word' id='word_1_130' title='bbox 317 1548 414 1577; x_wconf 88' lang='lat' dir='ltr'>non</span> <span class='ocrx_word' id='word_1_131' title='bbox 441 1529 554 1577; x_wconf 78' lang='lat' dir='ltr'>vult.</span> <span class='ocrx_word' id='word_1_132' title='bbox 590 1529 818 1576; x_wconf 83' lang='lat' dir='ltr'>Tellurem</span> <span class='ocrx_word' id='word_1_133' title='bbox 841 1529 954 1574; x_wconf 85' lang='lat' dir='ltr'>adeo</span> <span class='ocrx_word' id='word_1_134' title='bbox 981 1544 1094 1576; x_wconf 81' lang='lat' dir='ltr'>amat</span> <span class='ocrx_word' id='word_1_135' title='bbox 1108 1566 1121 1587; x_wconf 81' lang='lat'><strong>‚</strong></span> <span class='ocrx_word' id='word_1_136' title='bbox 1142 1542 1191 1576; x_wconf 89' lang='lat' dir='ltr'>ut</span> <span class='ocrx_word' id='word_1_137' title='bbox 1212 1532 1423 1595; x_wconf 70' lang='lat' dir='ltr'>quamvis</span> 
     </span>
     <span class='ocr_line' id='line_1_20' title="bbox 141 1601 1422 1667; baseline 0 -17"><span class='ocrx_word' id='word_1_138' title='bbox 141 1603 385 1650; x_wconf 66' lang='lat' dir='ltr'>frutestoso</span> <span class='ocrx_word' id='word_1_139' title='bbox 426 1603 525 1649; x_wconf 91' lang='lat' dir='ltr'>solo</span> <span class='ocrx_word' id='word_1_140' title='bbox 565 1602 816 1664; x_wconf 61' lang='lat' dir='ltr'>conjeRum</span> <span class='ocrx_word' id='word_1_141' title='bbox 854 1602 971 1648; x_wconf 83' lang='lat' dir='ltr'>inter</span> <span class='ocrx_word' id='word_1_142' title='bbox 1005 1601 1115 1648; x_wconf 86' lang='lat' dir='ltr'>folia</span> <span class='ocrx_word' id='word_1_143' title='bbox 1145 1603 1422 1667; x_wconf 84' lang='lat' dir='ltr'>vepresque,</span> 
     </span>
     <span class='ocr_line' id='line_1_21' title="bbox 141 1676 1424 1741; baseline 0 -17"><span class='ocrx_word' id='word_1_144' title='bbox 141 1678 199 1724; x_wconf 79' lang='lat' dir='ltr'>ad</span> <span class='ocrx_word' id='word_1_145' title='bbox 216 1689 377 1724; x_wconf 88' lang='lat' dir='ltr'>terram</span> <span class='ocrx_word' id='word_1_146' title='bbox 399 1689 546 1724; x_wconf 85' lang='lat' dir='ltr'>tamen</span> <span class='ocrx_word' id='word_1_147' title='bbox 566 1676 710 1724; x_wconf 80' lang='lat' dir='ltr'>radice</span> <span class='ocrx_word' id='word_1_148' title='bbox 733 1678 981 1739; x_wconf 84' lang='lat' dir='ltr'>perveniat.</span> <span class='ocrx_word' id='word_1_149' title='bbox 1019 1678 1306 1741; x_wconf 81' lang='lat' dir='ltr'>pinguescere</span> <span class='ocrx_word' id='word_1_150' title='bbox 1329 1679 1424 1725; x_wconf 83' lang='lat' dir='ltr'>hoc</span> 
     </span>
     <span class='ocr_line' id='line_1_22' title="bbox 142 1750 1426 1815; baseline -0.001 -17"><span class='ocrx_word' id='word_1_151' title='bbox 142 1751 237 1798; x_wconf 84' lang='lat' dir='ltr'>satu</span> <span class='ocrx_word' id='word_1_152' title='bbox 263 1768 373 1798; x_wconf 86' lang='lat' dir='ltr'>arva</span> <span class='ocrx_word' id='word_1_153' title='bbox 394 1750 632 1814; x_wconf 86' lang='lat' dir='ltr'>vineasque</span> <span class='ocrx_word' id='word_1_154' title='bbox 660 1750 870 1796; x_wconf 81' lang='lat' dir='ltr'>diximus.</span> <span class='ocrx_word' id='word_1_155' title='bbox 905 1751 1055 1813; x_wconf 86' lang='lat' dir='ltr'>Itaque</span> <span class='ocrx_word' id='word_1_156' title='bbox 1077 1751 1189 1798; x_wconf 79' lang='lat' dir='ltr'>adeo</span> <span class='ocrx_word' id='word_1_157' title='bbox 1210 1769 1303 1797; x_wconf 85' lang='lat' dir='ltr'>non</span> <span class='ocrx_word' id='word_1_158' title='bbox 1326 1762 1426 1815; x_wconf 75' lang='lat' dir='ltr'>eget</span> 
     </span>
     <span class='ocr_line' id='line_1_23' title="bbox 142 1816 1424 1886; baseline 0 -18"><span class='ocrx_word' id='word_1_159' title='bbox 142 1821 252 1870; x_wconf 87' lang='lat' dir='ltr'>fimo</span> <span class='ocrx_word' id='word_1_160' title='bbox 267 1859 281 1882; x_wconf 86' lang='lat'>‚</span> <span class='ocrx_word' id='word_1_161' title='bbox 303 1835 355 1869; x_wconf 85' lang='lat' dir='ltr'>ut</span> <span class='ocrx_word' id='word_1_162' title='bbox 381 1816 541 1886; x_wconf 86' lang='lat' dir='ltr'>optimi</span> <span class='ocrx_word' id='word_1_163' title='bbox 567 1823 719 1875; x_wconf 82' lang='lat' dir='ltr'>vicem</span> <span class='ocrx_word' id='word_1_164' title='bbox 739 1821 1035 1885; x_wconf 77' lang='lat' dir='ltr'>repraesentet.</span> <span class='ocrx_word' id='word_1_165' title='bbox 1064 1823 1278 1886; x_wconf 84' lang='lat' dir='ltr'>Nihilque</span> <span class='ocrx_word' id='word_1_166' title='bbox 1301 1823 1424 1869; x_wconf 82' lang='lat' dir='ltr'>aliud</span> 
     </span>
     <span class='ocr_line' id='line_1_24' title="bbox 146 1895 1426 1960; baseline 0 -18"><span class='ocrx_word' id='word_1_167' title='bbox 146 1897 273 1942; x_wconf 81' lang='lat' dir='ltr'>nullo</span> <span class='ocrx_word' id='word_1_168' title='bbox 303 1896 532 1960; x_wconf 88' lang='lat' dir='ltr'>impendio</span> <span class='ocrx_word' id='word_1_169' title='bbox 567 1896 739 1943; x_wconf 81' lang='lat' dir='ltr'>constat</span> <span class='ocrx_word' id='word_1_170' title='bbox 758 1932 772 1954; x_wconf 77' lang='lat'><strong><em>‚</em></strong></span> <span class='ocrx_word' id='word_1_171' title='bbox 800 1908 849 1941; x_wconf 89' lang='lat' dir='ltr'>ut</span> <span class='ocrx_word' id='word_1_172' title='bbox 874 1896 1002 1957; x_wconf 86' lang='lat' dir='ltr'>quod</span> <span class='ocrx_word' id='word_1_173' title='bbox 1024 1912 1091 1941; x_wconf 86' lang='lat' dir='ltr'>-ue</span> <span class='ocrx_word' id='word_1_174' title='bbox 1122 1895 1292 1942; x_wconf 83' lang='lat' dir='ltr'>serendi</span> <span class='ocrx_word' id='word_1_175' title='bbox 1320 1897 1426 1960; x_wconf 77' lang='lat' dir='ltr'>qui-</span> 
     </span>
     <span class='ocr_line' id='line_1_25' title="bbox 146 1966 1429 2032; baseline -0.002 -17"><span class='ocrx_word' id='word_1_176' title='bbox 146 1969 248 2015; x_wconf 86' lang='lat' dir='ltr'>dem</span> <span class='ocrx_word' id='word_1_177' title='bbox 277 1968 417 2032; x_wconf 84' lang='lat' dir='ltr'>gratia</span> <span class='ocrx_word' id='word_1_178' title='bbox 447 1983 560 2030; x_wconf 87' lang='lat' dir='ltr'>opus</span> <span class='ocrx_word' id='word_1_179' title='bbox 584 1967 637 2012; x_wconf 87' lang='lat' dir='ltr'>fit</span> <span class='ocrx_word' id='word_1_180' title='bbox 656 1966 826 2013; x_wconf 79' lang='lat' dir='ltr'>afferre.</span> <span class='ocrx_word' id='word_1_181' title='bbox 864 1966 1073 2013; x_wconf 83' lang='lat' dir='ltr'>Protinus</span> <span class='ocrx_word' id='word_1_182' title='bbox 1099 1966 1254 2013; x_wconf 83' lang='lat' dir='ltr'>seritur</span> <span class='ocrx_word' id='word_1_183' title='bbox 1279 1983 1429 2012; x_wconf 63' lang='lat' dir='ltr'>exar-</span> 
     </span>
     <span class='ocr_line' id='line_1_26' title="bbox 148 2041 1428 2105; baseline -0.004 -14"><span class='ocrx_word' id='word_1_184' title='bbox 148 2061 246 2091; x_wconf 85' lang='lat' dir='ltr'>vo:</span> <span class='ocrx_word' id='word_1_185' title='bbox 280 2060 331 2090; x_wconf 88' lang='lat' dir='ltr'>ac</span> <span class='ocrx_word' id='word_1_186' title='bbox 362 2060 418 2089; x_wconf 90' lang='lat' dir='ltr'>ne</span> <span class='ocrx_word' id='word_1_187' title='bbox 445 2042 586 2105; x_wconf 77' lang='lat' dir='ltr'>spargi</span> <span class='ocrx_word' id='word_1_188' title='bbox 614 2043 794 2105; x_wconf 84' lang='lat' dir='ltr'>quidem</span> <span class='ocrx_word' id='word_1_189' title='bbox 824 2043 1020 2103; x_wconf 82' lang='lat' dir='ltr'>postulat</span> <span class='ocrx_word' id='word_1_190' title='bbox 1047 2041 1256 2088; x_wconf 87' lang='lat' dir='ltr'>decidens</span> <span class='ocrx_word' id='word_1_191' title='bbox 1288 2041 1428 2104; x_wconf 32' lang='lat' dir='ltr'>spone</span> 
     </span>
     <span class='ocr_line' id='line_1_27' title="bbox 149 2114 1430 2179; baseline -0.004 -15"><span class='ocrx_word' id='word_1_192' title='bbox 149 2130 207 2164; x_wconf 84' lang='lat' dir='ltr'>te.</span> <span class='ocrx_word' id='word_1_193' title='bbox 251 2117 534 2179; x_wconf 85' lang='lat' dir='ltr'>Primumque</span> <span class='ocrx_word' id='word_1_194' title='bbox 564 2115 770 2161; x_wconf 84' lang='lat' dir='ltr'>omnium</span> <span class='ocrx_word' id='word_1_195' title='bbox 799 2114 983 2172; x_wconf 81' lang='lat' dir='ltr'>seritur,</span> <span class='ocrx_word' id='word_1_196' title='bbox 1013 2114 1304 2161; x_wconf 84' lang='lat' dir='ltr'>noviffimum</span> <span class='ocrx_word' id='word_1_197' title='bbox 1335 2114 1430 2160; x_wconf 74' lang='lat' dir='ltr'>tol—</span> 
     </span>
     <span class='ocr_line' id='line_1_28' title="bbox 150 2187 1433 2254; baseline -0.004 -17"><span class='ocrx_word' id='word_1_198' title='bbox 150 2191 285 2238; x_wconf 80' lang='lat' dir='ltr'>litur:</span> <span class='ocrx_word' id='word_1_199' title='bbox 312 2203 550 2254; x_wconf 86' lang='lat' dir='ltr'>utrumque</span> <span class='ocrx_word' id='word_1_200' title='bbox 578 2189 826 2252; x_wconf 80' lang='lat' dir='ltr'>Septembri</span> <span class='ocrx_word' id='word_1_201' title='bbox 846 2188 937 2234; x_wconf 86' lang='lat' dir='ltr'>fere</span> <span class='ocrx_word' id='word_1_202' title='bbox 961 2187 1109 2236; x_wconf 83' lang='lat' dir='ltr'>mense</span> <span class='ocrx_word' id='word_1_203' title='bbox 1129 2206 1139 2235; x_wconf 90' lang='lat'>:</span> <span class='ocrx_word' id='word_1_204' title='bbox 1163 2189 1266 2251; x_wconf 81' lang='lat' dir='ltr'>quia</span> <span class='ocrx_word' id='word_1_205' title='bbox 1286 2188 1315 2233; x_wconf 85' lang='lat' dir='ltr'><strong>fi</strong></span> <span class='ocrx_word' id='word_1_206' title='bbox 1336 2204 1433 2233; x_wconf 82' lang='lat' dir='ltr'>uon</span> 
     </span>
     <span class='ocr_line' id='line_1_29' title="bbox 152 2259 1435 2332; baseline -0.005 -21"><span class='ocrx_word' id='word_1_207' title='bbox 152 2263 379 2332; x_wconf 63' lang='lat' dir='ltr'>antecellit</span> <span class='ocrx_word' id='word_1_208' title='bbox 397 2261 622 2320; x_wconf 69' lang='lat' dir='ltr'>hiemem,</span> <span class='ocrx_word' id='word_1_209' title='bbox 655 2261 898 2325; x_wconf 73' lang='lat' dir='ltr'>frigoribus</span> <span class='ocrx_word' id='word_1_210' title='bbox 932 2260 1187 2307; x_wconf 76' lang='lat' dir='ltr'>obnoxium</span> <span class='ocrx_word' id='word_1_211' title='bbox 1222 2259 1297 2306; x_wconf 75' lang='lat' dir='ltr'>est,</span> <span class='ocrx_word' id='word_1_212' title='bbox 1344 2261 1435 2305; x_wconf 55' lang='lat' dir='ltr'>ima»</span> 
     </span>
     <span class='ocr_line' id='line_1_30' title="bbox 151 2333 1454 2403; baseline -0.005 -19"><span class='ocrx_word' id='word_1_213' title='bbox 151 2352 270 2403; x_wconf 86' lang='lat' dir='ltr'>pune</span> <span class='ocrx_word' id='word_1_214' title='bbox 299 2349 510 2400; x_wconf 70' lang='lat' dir='ltr'>praeterea</span> <span class='ocrx_word' id='word_1_215' title='bbox 536 2335 671 2398; x_wconf 77' lang='lat' dir='ltr'>jacet,</span> <span class='ocrx_word' id='word_1_216' title='bbox 700 2336 777 2382; x_wconf 81' lang='lat' dir='ltr'>vel</span> <span class='ocrx_word' id='word_1_217' title='bbox 805 2335 1061 2381; x_wconf 59' lang='lat' dir='ltr'>&amp;ercli-frum</span> <span class='ocrx_word' id='word_1_218' title='bbox 1093 2336 1252 2390; x_wconf 66' lang='lat' dir='ltr'>etiarn‚</span> <span class='ocrx_word' id='word_1_219' title='bbox 1276 2333 1306 2378; x_wconf 75' lang='lat' dir='ltr'>ss</span> <span class='ocrx_word' id='word_1_220' title='bbox 1337 2336 1454 2378; x_wconf 74' lang='lat' dir='ltr'>non·</span> 
     </span>
     <span class='ocr_line' id='line_1_31' title="bbox 149 2406 1427 2477; baseline -0.007 -18"><span class='ocrx_word' id='word_1_221' title='bbox 149 2412 357 2477; x_wconf 85' lang='lat' dir='ltr'>protinus</span> <span class='ocrx_word' id='word_1_222' title='bbox 388 2411 523 2457; x_wconf 83' lang='lat' dir='ltr'>secuti</span> <span class='ocrx_word' id='word_1_223' title='bbox 555 2411 751 2457; x_wconf 73' lang='lat' dir='ltr'>obruant</span> <span class='ocrx_word' id='word_1_224' title='bbox 779 2409 968 2466; x_wconf 59' lang='lat' dir='ltr'>imbres5</span> <span class='ocrx_word' id='word_1_225' title='bbox 996 2410 1050 2454; x_wconf 77' lang='lat' dir='ltr'>ab</span> <span class='ocrx_word' id='word_1_226' title='bbox 1081 2408 1293 2453; x_wconf 66' lang='lat' dir='ltr'>omnibus</span> <span class='ocrx_word' id='word_1_227' title='bbox 1330 2406 1427 2452; x_wconf 41' lang='lat' dir='ltr'>ania</span> 
     </span>
     <span class='ocr_line' id='line_1_32' title="bbox 150 2482 1425 2545; baseline -0.005 -13"><span class='ocrx_word' id='word_1_228' title='bbox 150 2486 340 2533; x_wconf 85' lang='lat' dir='ltr'>malibus</span> <span class='ocrx_word' id='word_1_229' title='bbox 370 2483 662 2529; x_wconf 80' lang='lat' dir='ltr'>amaritudine</span> <span class='ocrx_word' id='word_1_230' title='bbox 689 2482 762 2530; x_wconf 82' lang='lat' dir='ltr'>sua</span> <span class='ocrx_word' id='word_1_231' title='bbox 789 2494 949 2530; x_wconf 80' lang='lat' dir='ltr'>tutum.</span> <span class='ocrx_word' id='word_1_232' title='bbox 985 2484 1255 2545; x_wconf 74' lang='lat' dir='ltr'>Plerumque</span> <span class='ocrx_word' id='word_1_233' title='bbox 1279 2492 1425 2529; x_wconf 71' lang='lat' dir='ltr'>tamen</span> 
     </span>
     <span class='ocr_line' id='line_1_33' title="bbox 214 2555 1148 2607; baseline -0.01 0"><span class='ocrx_word' id='word_1_234' title='bbox 214 2562 258 2607; x_wconf 75' lang='lat' dir='ltr'>C.</span> <span class='ocrx_word' id='word_1_235' title='bbox 293 2561 409 2605; x_wconf 77' lang='lat' dir='ltr'>Plin.</span> <span class='ocrx_word' id='word_1_236' title='bbox 441 2561 536 2603; x_wconf 86' lang='lat' dir='ltr'>Vol.</span> <span class='ocrx_word' id='word_1_237' title='bbox 568 2555 655 2602; x_wconf 49' lang='lat' dir='ltr'>IIIi</span> <span class='ocrx_word' id='word_1_238' title='bbox 949 2557 975 2580; x_wconf 42' lang='grc' dir='ltr'>ᾗ</span> <span class='ocrx_word' id='word_1_239' title='bbox 1107 2555 1148 2599; x_wconf 73' lang='lat' dir='ltr'>R</span> 
     </span>
    </p>
   </div>
  </div>
 </body>
</html>
