1653 2797
276 162 914 213 NATUR.H18TOR.
948 164 1078 211 LIB.
1115 160 1233 212 XV.
1344 178 1405 230 59

114 272 244 322 bore.
276 275 436 323 Cetera
467 272 582 319 mala
617 270 739 317 foliis
774 271 977 331 ficulnis,
1000 285 1297 336 praeterquam
1326 291 1403 320 ca-

116 347 267 406 divis‚
288 347 456 410 singula
483 343 737 403 convolvi,
772 343 977 408 cistisque
1003 347 1207 394 vitilibus
1238 348 1402 407 condi,

117 421 197 470 vel
229 432 348 469 creta
372 418 627 484 figlinarum
659 418 788 465 illini.

185 512 226 557 3.
261 493 361 541 Pira
393 494 441 540 in
470 493 585 540 valis
615 492 824 540 fiffilibu's
855 493 1013 556 picatis
1049 494 1236 544 inversis
1270 496 1404 544 obrui

116 568 235 616 inter
266 565 461 614 scrobeS.
508 567 754 615 Tarentina
793 565 1001 614 seriffime
1036 567 1134 631 legi.
1186 569 1406 616 Aniciana

115 638 286 688 servari
322 641 374 687 δε
406 639 453 685 in
482 639 620 702 passo.
670 639 814 685 Sorba
845 656 1028 703 quoque
1058 643 1108 689 &
1139 641 1406 700 scrobibus,

115 712 308 778 gypsato
338 713 559 777 operculo
576 750 591 772 ,
612 713 750 760 duum
774 715 940 777 pedum
963 726 1080 761 terra
1111 715 1406 779 superinduc-

116 799 188 845 ta,
216 788 264 833 in
290 786 399 834 loco
425 788 584 852 aprico
604 824 618 846 ,
638 787 828 835 inversis
846 788 986 848 vafis,
1018 790 1069 836 &
1095 788 1142 835 in
1174 788 1338 848 doliis,
1359 801 1408 836 ut

117 875 232 911 uvas
251 896 264 918 ,
288 877 391 906 cum
418 861 554 909 ramis
582 860 800 924 suspendi.

202 951 246 991 4.
278 936 314 979 E
341 933 564 996 proximis
595 934 853 980 aucloribus
883 933 1066 997 quidam
1094 933 1224 981 altius
1253 950 1408 981 curam

118 1016 278 1069 petunt
299 1023 310 1051 ε
345 1005 637 1069 deputarique
661 1005 806 1052 statim
837 1022 974 1069 poma
998 1023 1049 1052 ac
1074 1006 1191 1052 vites
1216 1007 1272 1053 ad
1288 1007 1411 1054 hunc

119 1078 244 1124 usum
281 1079 585 1142 praecipiunt,
618 1079 900 1127 decrescente
934 1082 1087 1140 Luna,
1114 1078 1216 1143 post
1249 1079 1410 1126 horam

119 1151 211 1198 diei
243 1153 447 1209 tertiam,
474 1153 588 1198 caelo
621 1151 777 1198 sereno
797 1189 809 1209 ,
836 1170 887 1199 ac
920 1153 1046 1200 ficcis
1077 1152 1240 1200 ventis.
1277 1152 1414 1199 Simi-

121 1223 226 1270 liter
260 1223 395 1288 deligi
429 1226 479 1270 &
518 1240 575 1270 ex
613 1224 726 1270 locis
761 1224 917 1283 siccis,
947 1226 996 1271 &
1035 1236 1137 1270 ante
1172 1223 1413 1287 perfePtam

124 1298 451 1356 maturitatem,
472 1299 624 1344 addito
651 1311 701 1344 ut
725 1301 852 1344 Luna
872 1298 988 1344 infra
1014 1310 1179 1344 terram
1203 1298 1280 1344 fit:
1300 1315 1416 1345 uvas

123 1390 227 1420 clun
254 1372 469 1419 malleolo
500 1371 709 1419 sarmenti
744 1373 859 1418 duro
879 1410 895 1430 ,
925 1372 1082 1418 demtis
1118 1370 1278 1419 forfice
1312 1389 1414 1419 cor-

123 1448 403 1511 ruptioribus
431 1448 570 1495 acinis
587 1484 601 1507 ,
628 1448 676 1493 in
701 1447 828 1494 dolio
854 1447 1006 1511 picato
1034 1447 1205 1493 recenti
1233 1445 1417 1510 suspen-

120 1522 202 1581 di,
237 1523 414 1570 exclusa
441 1523 569 1570 omni
594 1541 701 1570 aura
733 1521 954 1586 operculo
982 1523 1032 1569 &
1056 1520 1233 1586 gypso:
1272 1521 1330 1568 fic
1365 1523 1418 1569 &

122 1595 255 1643 sorba
273 1632 288 1655 ,
318 1613 370 1643 ac
403 1597 527 1660 pira:
561 1596 684 1643 illitis
712 1596 918 1642 omnium
943 1594 1128 1642 surculis
1157 1595 1272 1658 pice.
1307 1596 1417 1641 Do-

121 1670 184 1718 lia
219 1669 383 1734 procul
414 1670 469 1735 ab
500 1687 616 1734 aqua
646 1670 744 1716 effe.
793 1669 993 1730 Quidam
1023 1669 1082 1716 fic
1121 1686 1223 1715 cum
1252 1669 1416 1733 palmi-

123 1757 169 1791 te
196 1744 243 1790 in
277 1743 423 1808 gypso
459 1744 687 1802 condunt,
718 1743 937 1807 capitibus
969 1742 1062 1805 ejus
1096 1742 1231 1790 scillae
1265 1742 1418 1789 infixis

125 1817 351 1881 utrinque.
391 1816 482 1863 Alii
516 1816 650 1863 etiam
679 1817 789 1863 vina
822 1816 1089 1862 habentibus
1126 1815 1287 1874 doliis,
1310 1817 1418 1862 dum

127 1907 185 1938 ne
233 1890 502 1954 contingant
539 1908 591 1937 ea
638 1908 757 1937 uvae.
819 1889 972 1953 Aliqui
1011 1889 1128 1936 mala
1163 1889 1211 1935 in
1254 1891 1418 1954 patinis

128 1962 336 2010 ficlilibus
371 1963 624 2010 fluitantia:
665 1980 757 2027 quo
792 1979 954 2027 genere
988 1964 1038 2010 &
1075 1963 1190 2010 vino
1226 1964 1420 2011 odorem

131 2036 304 2099 acquiri
342 2048 516 2099 putant.
566 2036 721 2100 Aliqui
755 2035 911 2081 omnia
942 2035 1038 2082 haec
1078 2035 1124 2080 in
1156 2035 1285 2082 milio
1327 2034 1419 2081 ser-

129 2126 241 2156 vare
272 2109 459 2156 malunt.
498 2109 706 2172 Plerique
738 2125 854 2155 vero
890 2107 937 2156 in
973 2107 1130 2154 scrobe
1167 2107 1306 2154 duum
1342 2123 1418 2170 pe-

130 2182 239 2228 dum
272 2182 533 2229 altitudinis·
554 2200 687 2229 arena
713 2182 956 2240 substrato,
979 2184 1028 2229 &
1062 2181 1185 2228 fiffili
1221 2198 1418 2244 opercu-

131 2258 212 2314 lo,
249 2256 353 2301 dein
393 2269 509 2304 terra
549 2269 727 2319 operto.
774 2257 911 2303 Creta
945 2255 1126 2319 quidam
1169 2255 1301 2301 etiam
1333 2252 1418 2316 fig-

129 2331 225 2379 lina
261 2347 375 2383 uvas
413 2330 626 2388 illinunt,
662 2330 928 2393 siccatasque
964 2330 1069 2376 Sole
1109 2327 1418 2392 suspendunt:

131 2404 180 2450 in
199 2402 306 2462 usu,
328 2403 545 2451 diluentes
565 2418 745 2452 cretam.
776 2406 974 2452 Eandem
999 2404 1146 2467 pomis
1162 2404 1277 2450 vino
1300 2401 1419 2450 subi-

132 2489 260 2545 gunt.
303 2477 424 2526 Mala
443 2495 557 2526 vero
582 2479 907 2542 generosissima
936 2478 1088 2524 eadem
1116 2476 1291 2525 ratione
1314 2493 1419 2523 cru-
