1653 2797
215 132 312 183 320
506 118 1250 174 C.PL1N118ECUND1

215 228 449 275 columnas
485 225 674 290 septimo
706 228 777 290 die
811 227 984 276 Ostiam
1009 230 1192 291 afferat,
1225 234 1277 281 &
1307 231 1496 282 citefio⁴

213 318 309 348 rem
338 301 594 364 Hispaniam
620 313 808 365 quarto,
837 302 1126 366 provinciam
1151 297 1494 355 Narbonensem

213 374 373 432 tertio,
396 373 596 421 Africam
623 374 791 422 altero:
827 376 952 438 quod
983 377 1115 422 etiam
1134 377 1393 425 mollissimo
1413 379 1492 426 fla·-

214 460 265 494 tu
295 447 488 512 contigit
521 450 575 497 C.
604 448 763 495 Flavio
789 448 938 512 legato
966 449 1090 496 Vibii
1115 449 1260 513 Crispi
1286 453 1494 500 Procon-

213 520 353 568 sulis?
377 522 537 568 Audax
555 521 650 569 vita
664 557 677 578 ‚
696 520 913 568 scelerum
939 521 1096 583 plena:
1127 522 1296 588 aliquid
1311 523 1393 571 seri
1408 561 1423 584 ‚
1443 535 1494 572 ut

215 605 382 640 ventos
409 592 711 656 procellasque
741 591 953 655 recipiat:
980 594 1031 640 &
1054 611 1212 656 parum
1233 596 1316 643 effe
1342 596 1494 644 flucti-

210 667 301 717 bus
328 666 433 715 solis
461 667 578 714 vehi.
614 667 705 713 Jam
725 682 838 711 vero
861 682 944 712 nec
969 665 1072 712 vela
1092 666 1189 715 satis
1209 669 1292 716 effe
1322 670 1492 733 majora

213 741 416 804 navigiis.
439 741 522 787 Sed
544 740 748 804 quamvis
770 739 1054 802 amplitudini
1078 754 1373 791 antennarum
1400 744 1494 791 fin-

214 815 331 879 gulae
361 815 543 862 arbores
575 813 822 870 sufficiant,
859 812 988 876 super
1019 830 1090 861 eas
1116 825 1264 862 tamen
1289 816 1391 862 addi
1409 834 1492 865 ve-

213 891 363 938 lorum
382 889 464 934 alia
490 885 594 934 vela
611 922 626 943 ,
653 896 899 948 praeterque
931 884 1016 932 alia
1038 885 1086 931 in
1102 887 1250 949 proris
1269 922 1284 946 ‚
1320 889 1370 936 &
1405 888 1492 937 alia

214 963 262 1009 in
294 962 518 1025 puppibus
539 959 705 1022 pandi,
744 975 795 1005 ac
819 969 890 1004 tot
916 958 1062 1005 modis
1088 961 1338 1023 provocari
1365 977 1492 1009 mor-

213 1049 319 1082 tem.
358 1034 570 1097 Denique
602 1045 692 1080 tam
723 1048 870 1095 parvo
893 1031 1059 1079 semine
1091 1033 1236 1092 nasci,
1258 1034 1385 1098 quod
1409 1050 1489 1082 or·-

211 1110 315 1156 bem
346 1120 561 1155 terrarum
593 1105 717 1152 ultro
747 1104 954 1168 citroque
989 1117 1141 1168 portet
1159 1142 1173 1165 ,
1210 1118 1299 1153 tam
1333 1107 1489 1171 gracili

212 1199 380 1240 avena,
406 1192 497 1226 tam
533 1195 630 1225 non
658 1177 745 1225 alte
773 1194 799 1223 a
824 1176 980 1224 tellure
1008 1177 1142 1224 tolli:
1170 1195 1315 1242 neque
1340 1179 1387 1226 id
1416 1179 1489 1228 vi-

210 1255 334 1302 ribus
356 1254 442 1301 suis
473 1252 586 1299 necti
609 1287 622 1310 ,
656 1250 730 1298 sed
753 1249 941 1297 fractum
966 1250 1198 1314 tusumque
1223 1252 1338 1300 &in
1363 1253 1487 1300 mol-

207 1327 349 1374 litiem
390 1326 502 1372 lanae
531 1324 763 1381 coactum,
799 1321 962 1385 injuria
997 1339 1049 1370 ac
1080 1322 1251 1370 summa
1274 1324 1486 1384 audacia,

205 1418 264 1448 eo
295 1399 546 1464 pervenire.
584 1396 722 1444 Nulla
753 1396 998 1444 exsecratio
1029 1396 1190 1445 sufficit
1221 1411 1381 1446 contra
1409 1398 1483 1445 in·-

206 1487 447 1521 ventorem
475 1473 642 1520 dictum
665 1471 744 1518 suo
773 1472 882 1519 loco
912 1489 938 1518 a
963 1471 1120 1519 nobis:
1148 1471 1221 1520 cui
1252 1472 1352 1520 satis
1385 1488 1484 1520 n'on

207 1548 295 1594 fuit
323 1547 558 1594 hominem
601 1546 649 1592 in
681 1558 798 1592 terra
831 1544 979 1604 mori,
1015 1545 1097 1592 nifi
1131 1546 1297 1609 periret
1325 1549 1376 1595 &
1409 1547 1482 1594 in·-

206 1622 417 1686 sepultus.
453 1624 511 1668 At
531 1637 616 1667 nos
640 1621 793 1684 priore
820 1619 937 1665 libro
974 1619 1136 1666 imbres
1168 1622 1218 1668 &
1238 1620 1369 1668 flatus
1405 1638 1481 1668 ca·

206 1697 412 1754 vmdos,
434 1695 613 1759 frugum
642 1693 770 1741 causa
796 1690 1051 1755 victusque,
1080 1693 1482 1755 praemonebamuS.

207 1772 322 1817 Eece
345 1768 501 1815 seritur
525 1766 722 1814 hominis
752 1782 917 1822 mann,
949 1764 1129 1810 metitur
1160 1763 1356 1826 ejusdem
1389 1765 1479 1814 ho-

204 1843 337 1890 minis
361 1840 545 1906 ingenio
567 1877 581 1899 ‚
613 1840 738 1903 quod
768 1851 933 1886 ventos
964 1839 1011 1884 in
1039 1838 1150 1884 mari
1177 1850 1318 1901 opten
1355 1840 1479 1908 Prae-7

204 1930 324 1964 terea
359 1928 408 1963 ut
430 1915 613 1962 sciamus
635 1913 788 1960 faviffe
814 1927 973 1975 poenas
991 1948 1005 1971 ,
1034 1912 1148 1958 nihil
1182 1912 1378 1977 gignitur
1413 1912 1479 1962 fa-

207 1987 365 2037 cilius:
400 2002 451 2036 ut
478 1988 714 2034 sentiamus
746 1985 931 2032 nolente
961 1985 1007 2031 id
1037 1983 1133 2032 fieri
1161 1999 1318 2032 natura
1338 2022 1353 2046 ‚
1386 1987 1478 2035 urit

206 2078 392 2129 agrum,
427 2060 782 2123 deterioremque
812 2058 946 2106 etiam
973 2070 1135 2105 terram
1164 2058 1282 2106 facit.
1327 2085 1331 2088 ·

269 2138 320 2182 ll.
359 2153 396 2181 ι.
427 2134 596 2181 Seritur
623 2133 830 2180 sabulosis
861 2133 1085 2191 maxime,
1104 2148 1292 2196 unoque
1319 2132 1474 2181 sulco:

205 2226 289 2257 nec
311 2207 450 2272 magis
477 2207 652 2253 festinat
683 2207 814 2253 aliud.
851 2208 970 2252 Vere
999 2205 1136 2252 satum
1165 2205 1311 2253 aestate
1339 2205 1475 2252 vellioe

204 2296 301 2331 tur:
325 2284 376 2329 &
399 2282 515 2327 hanc
534 2296 717 2344 quoque
736 2292 864 2326 terrae
882 2278 1090 2340 injuriam
1114 2278 1234 2327 facit.
1268 2279 1475 2343 Ignoscat

205 2367 351 2401 tamen
383 2351 541 2416 aliquis
565 2353 767 2415 AEgypto
801 2351 989 2409 serenti,
1025 2362 1075 2397 ut
1107 2351 1471 2398 A;·abiae1ndiae-=

203 2444 290 2491 que
328 2443 497 2474 merces
528 2426 771 2489 importet:
808 2424 927 2472 itane
963 2425 1013 2472 δε
1048 2424 1204 2473 Galliae
1239 2423 1470 2473 censentur
