1653 2797
222 104 315 165 334
499 100 1246 150 QPLINHSECUNm

219 211 384 257 dabant
403 208 604 255 crudum.
634 206 825 255 Diocles
852 207 1124 270 phreneticis
1152 209 1345 260 elixum..
1364 212 1495 259 Con-

219 297 287 330 tra
319 283 502 346 anginas
528 282 683 329 tritum
706 281 878 343 imponi
896 318 909 339 ,
934 282 984 328 δε
1004 283 1291 345 gargarizare.
1306 284 1497 346 prodest.

221 357 444 413 Dentium
478 356 687 402 dolorem
720 357 860 403 tribus
898 356 1114 419 capitibus
1144 357 1350 409 intaceto
1385 357 1500 405 tritis

220 431 478 486 imminuit,
504 430 581 478 vel
609 431 640 482 fi
663 431 834 479 decocti
852 448 965 493 aqua
984 431 1271 491 colluantur,
1296 432 1501 479 addatur-

221 522 308 568 que
338 504 484 568 ipsum
514 506 561 552 in
595 522 708 554 cava
744 506 971 552 dentium..
990 504 1186 552 Auribus
1206 504 1502 553 eti-aminstil-

221 579 336 624 latur
375 578 535 626 succus
571 597 676 626 cum
705 579 834 643 adipe
870 577 1106 625 anserino:
1150 578 1410 641 phthiriases
1452 579 1504 626 &

220 652 472 716 porrigines
501 666 661 715 potum
677 689 690 710 ‚
724 652 873 699 tusum
902 651 1011 697 item
1032 665 1137 696 cum
1160 663 1289 699 aceto
1310 651 1503 700 &nitro

225 723 496 786 compescit:
541 722 848 769 distillationes
883 739 988 771 cum
1021 720 1160 779 hrcle,
1201 721 1284 768 vel*
1309 722 1466 771 tritum
1487 757 1503 778 ‚

223 799 559 861 permixtumve
593 795 720 843 caseo
756 795 912 841 molli:
951 810 1049 858 quo
1086 795 1329 858 generes&
1356 795 1505 842 rauci-

223 886 359 919 tatem
392 882 625 918 extenuat:
651 869 728 915 vel
755 869 949 932 phthisin
970 903 982 926 ‚
1013 868 1058 916 in
1096 867 1210 914 fabae
1239 867 1505 915 sorbitione.

223 943 271 989 In
301 952 447 987 totum
469 952 615 986 autem
635 941 814 987 coelum
838 939 991 986 utilius
1013 938 1074 986 est
1102 938 1244 985 crudo
1265 973 1279 997 ,
1313 938 1505 986 elixum-

224 1033 312 1080 que
346 1015 492 1062 tosto:
529 1015 588 1062 fic
620 1016 670 1062 &
698 1014 809 1061 voci
841 1013 1034 1061 confert.
1068 1012 1232 1061 Tineas
1259 1015 1308 1061 &
1333 1013 1507 1077 reliqua

224 1090 433 1137 animalia
464 1089 797 1135 interaneorum
816 1087 967 1151 pellit,
999 1087 1047 1133 in
1075 1099 1202 1135 aceto
1231 1086 1506 1139 mulso‘c'oc-

224 1181 335 1213 tum,
365 1162 590 1210 Tenesmo
611 1162 658 1209 in
679 1163 801 1225 pulte
818 1162 1034 1208 medetur.
1066 1161 1350 1224 Temporum
1367 1161 1506 1207 dolo-

224 1237 348 1285 ribus
365 1235 528 1282 illitum
550 1235 739 1282 elixum:
762 1238 811 1283 &
831 1234 995 1298 pusulis
1013 1235 1192 1282 coctum
1213 1251 1316 1282 cum
1348 1233 1505 1292 melle,

225 1309 384 1356 deinde
395 1307 563 1354 tritum.
577 1307 700 1355 Tusfi
711 1324 813 1354 cum
828 1307 956 1369 adipe
973 1306 1149 1354 vetusto
1165 1306 1418 1364 decoffiim,
1431 1304 1508 1355 vel

225 1400 328 1430 cum
351 1382 483 1429 lacle:
506 1393 583 1428 aut
601 1381 633 1427 fi
651 1380 824 1444 sanguis
842 1380 975 1427 etiam
992 1379 1269 1438 exscreetur‚
1282 1378 1359 1426 vel
1379 1395 1507 1441 pura,

226 1456 305 1502 sub
334 1472 478 1519 pruna
505 1455 713 1512 coelum,
732 1457 782 1501 &
812 1470 918 1501 cum
937 1454 1082 1501 mellis
1111 1453 1207 1517 pari
1223 1454 1367 1500 modo
1386 1452 1509 1499 sum-

228 1542 349 1575 tum:
384 1528 651 1586 convulsis,
686 1528 856 1589 ruptis,
890 1544 993 1573 cum
1026 1526 1108 1572 sale
1142 1527 1193 1573 &
1227 1525 1349 1581 oleo.
1391 1525 1510 1571 Nam

229 1619 332 1648 cum
360 1600 489 1663 adipe
514 1611 714 1646 tumores
741 1599 961 1660 inspecios
989 1598 1124 1643 sanat.
1158 1598 1369 1643 Extrahit
1386 1595 1510 1643 fistu-

226 1675 279 1721 lis
312 1673 420 1721 vitia
452 1690 556 1721 cum
584 1672 791 1734 sulphure
823 1673 872 1718 &
904 1670 1076 1728 refina,
1105 1670 1236 1716 etiam
1267 1669 1505 1716 arundines

231 1765 335 1794 cum
375 1746 490 1809 pice.
537 1747 732 1808 Lepras,
760 1743 989 1801 lichenas,
1019 1741 1256 1806 lentigines
1292 1733 1536 1788 exhulce-'

228 1832 319 1879 1·‚at
351 1819 560 1883 sanatque
587 1836 687 1864 cum
708 1817 931 1881 origano:
962 1816 1039 1864 vel
1071 1816 1183 1862 cinis
1211 1814 1323 1877 ejus
1327 1832 1383 1861 ex
1404 1814 1512 1862 oleo

230 1895 280 1938 ἅ
310 1906 418 1954 garo
447 1889 600 1938 illitus.
638 1889 708 1934 Sic
739 1890 788 1934 &
817 1886 966 1933 iacros
995 1886 1135 1950 ignes.
1171 1882 1409 1950 Suggillata
1437 1896 1512 1932 aut

229 1965 297 2011 liv
301 1964 419 2011 entia
442 1965 496 2010 ad
518 1963 723 2011 colorem
751 1961 953 2018 reducit,
976 1959 1259 2007 combustum
1287 1976 1342 2006 ex
1366 1959 1509 2006 melle.

231 2038 436 2085 Credunt
458 2039 507 2084 &
526 2035 800 2083 comitialem
821 2035 1033 2081 morbum
1060 2032 1235 2094 sanari,
1260 2031 1291 2077 fi
1327 2031 1428 2095 quis
1455 2047 1511 2078 eo

232 2110 280 2156 in
306 2109 410 2156 cibo
436 2120 583 2155 utatur
610 2126 661 2155 ac
689 2109 895 2170 potione.
934 2108 1188 2167 Quartanas
1216 2120 1402 2168 quoque
1431 2121 1513 2150 ex-

232 2195 383 2231 cutere
415 2194 577 2245 potum
598 2195 728 2244 caput
748 2198 888 2228 unum
918 2197 1019 2226 cum
1047 2176 1257 2240 laserpitii
1288 2175 1432 2223 obolo
1465 2177 1514 2223 in

234 2256 350 2303 vino
372 2255 562 2301 austero.
596 2253 768 2299 Tussim
795 2256 843 2300 ἅτ
864 2253 954 2300 alio
981 2252 1152 2309 mod0‚
1190 2267 1240 2297 ac
1279 2250 1513 2313 pectorum

238 2328 581 2410 suppurationes:
599 2326 896 2390 quantaslibet
928 2327 1075 2383 sanat,
1112 2322 1259 2370 fractae
1287 2323 1512 2370 ἱιιεοξὶιιῐη

241 2402 376 2465 sabae,
408 2414 540 2468 atque
572 2402 631 2450 ita
661 2401 707 2447 in
739 2401 843 2450 cibo
866 2399 1090 2449 sumtum..
1123 2387 1268 2444 donec
1288 2385 1514 2442 sanitatem
