1653 2797
218 145 274 191 28
492 146 831 193 C.PLINII
873 147 1233 197 SECUNDI

214 268 346 310 runt,
368 268 539 300 natura.
574 255 678 301 Pars
702 271 862 302 eorum
884 255 990 302 aestu
1015 256 1228 315 moritur,
1244 256 1500 323 priusquam

213 325 411 388 reliqui,
445 325 521 387 qui
561 324 805 374 solstitiales
847 328 1068 376 dicuntur.
1125 326 1337 377 Univerfi
1379 333 1498 391 nun-

211 414 346 461 quam
380 397 704 445 maturescunt:
745 401 794 447 &
832 399 863 445 fi
898 401 1049 463 prius,
1080 418 1214 465 quam
1247 413 1346 449 tota
1381 420 1500 449 mar-

211 470 357 517 cescat
386 488 504 529 uva,
534 471 710 518 incocta
742 473 872 518 detur
899 472 1005 525 cibo¹
1037 472 1285 544 gaIJinaceo
1320 466 1504 538 generi,

213 541 432 588 fastidium
470 543 611 607 gignit
646 561 757 592 uvas
792 544 1045 608 appetendi.

273 615 399 662 XIX.
422 630 453 662 Ι.
471 616 747 663 Fiffitiorum
762 617 957 679 primum
971 616 1022 665 fit
1034 635 1090 664 ex
1102 617 1200 681 ipso
1217 618 1332 666 vino
1347 655 1362 678 ‚
1379 619 1511 683 quod-

213 700 387 734 vocant
412 689 706 753 adynamon,
734 690 826 737 hoc
856 691 1030 737 modo:
1066 691 1172 737 Albi
1200 691 1330 738 musti
1359 692 1507 739 sexta-

214 761 270 806 r-ii
302 775 407 820 ΧΧ,
431 779 561 826 aquae
587 762 843 820 dimidium,
871 762 1019 811 fervet
1048 763 1194 810 donec
1225 775 1509 828 excoquatur

213 850 345 898 aquae
366 835 581 882 mensura.
617 835 706 881 Alii
741 834 923 880 marinae
956 834 1169 881 sextarios
1204 836 1380 894 decem,
1404 852 1507 882 tan-
1544 851 1548 855 ·

216 907 402 954 tundem
439 907 638 970 pluviae,
675 906 723 952 in
755 905 860 952 Sole
899 908 1190 972 quadraginta
1217 904 1374 956 diebus
1406 920 1507 955 tor—

215 992 328 1027 rent.
365 981 494 1026 Dant
524 980 680 1043 aegris‚
704 980 865 1043 quibus
892 981 991 1027 vini
1021 981 1208 1027 noxiam
1236 981 1410 1032 timent.

285 1068 325 1097 2.
363 1052 626 1098 Proximum
662 1050 712 1097 fit
745 1068 769 1097 e
804 1051 916 1098 milii
955 1052 1120 1100 semine
1155 1066 1334 1101 maturo
1353 1089 1368 1112 ‚
1406 1071 1509 1101 cum

216 1122 308 1185 ipsa
337 1123 518 1187 stipula,
538 1124 696 1171 libram
714 1126 762 1171 &
783 1126 1076 1188 quadrantem
1106 1126 1152 1172 in
1179 1127 1370 1190 congios
1391 1127 1511 1175 duos

217 1197 376 1257 musti,
404 1212 657 1257 macerat0‚
677 1200 726 1246 &
753 1199 854 1261 post
878 1198 1112 1262 septimum
1137 1200 1333 1246 mensem
1363 1213 1510 1248 trans.-

218 1269 332 1316 fuso.
376 1273 445 1317 Ex
482 1270 582 1318 loto
616 1272 806 1327 arbore,
832 1269 1019 1331 frutice,
1049 1272 1216 1330 herba,
1247 1271 1411 1319 di&um
1446 1271 1509 1320 est

217 1341 284 1388 uti
320 1360 510 1406 quaeque
545 1342 716 1391 fierent.

284 1429 324 1475 3.
353 1414 486 1461 Fiunt
505 1417 554 1463 &
572 1432 596 1461 e
615 1415 762 1478 pomis
793 1432 894 1479 quae
925 1414 1120 1464 dicemus
1136 1452 1152 1475 ‚
1172 1415 1511 1480 interpretatio-

219 1486 350 1533 nibus
387 1505 484 1534 non
523 1488 603 1535 nifi
646 1489 891 1536 necessariis
930 1488 1124 1536 additis:
1161 1490 1444 1555 primumque
1484 1508 1511 1538 e

217 1559 406 1622 palmis,
431 1578 525 1628 quo
557 1560 705 1608 Parthi
734 1563 783 1610 Sc
807 1561 903 1608 Indi
929 1574 1140 1619 utuntur,
1165 1564 1214 1610 &
1241 1563 1406 1610 Oriens
1432 1579 1510 1611 to-

219 1646 319 1681 tus:
350 1648 648 1693 maturarum,
678 1653 785 1700 quas
814 1647 985 1683 vocant
1013 1635 1250 1700 chydaeas,
1275 1637 1435 1683 modio
1462 1637 1510 1684 in

221 1723 349 1769 aquae
392 1708 565 1771 congiis
606 1708 746 1755 tribus
782 1725 1039 1766 macerato,
1074 1708 1382 1773 expreffoque.
1437 1709 1509 1756 Sic

222 1778 274 1826 fit
303 1782 352 1827 δέ
379 1779 540 1845 sycites
572 1798 595 1827 e
622 1779 740 1839 fico,
771 1799 907 1846 quem
938 1781 1012 1827 alii
1044 1781 1378 1844 palmiprimum
1396 1818 1410 1839 ‚
1429 1781 1509 1828 'alii

221 1853 502 1900 catorchiten
535 1869 721 1901 vocant.
755 1857 846 1901 Aut
876 1855 907 1900 fi
939 1854 1068 1901 dulce
1102 1854 1185 1900 effe
1215 1871 1312 1901 non
1344 1854 1512 1913 libeat,

223 1940 309 1986 pro
340 1943 456 1989 aqua
484 1926 747 1972 tantundem
779 1926 1071 1973 vinaceorum
1097 1926 1316 1987 adjicitur.
1352 1928 1387 1972 E
1410 1927 1510 1990 Cy-

223 1998 321 2061 pria
352 1997 441 2047 fico
476 2002 526 2048 &
560 2013 737 2048 acetum
768 2001 1052 2063 praecellens,
1082 2014 1215 2065 atque
1247 2000 1510 2048 Alexandri-

225 2087 285 2118 na
316 2089 499 2136 quoque
532 2074 704 2121 melius.
746 2075 917 2120 Vinum
946 2073 997 2121 fit
1026 2077 1076 2122 &
1107 2091 1131 2121 e
1166 2075 1321 2139 filiqua
1355 2074 1510 2139 Syria-

153 2158 166 2166 ⁴
227 2160 303 2201 ca,
328 2145 378 2192 &
395 2161 417 2190 e
438 2145 543 2207 piris
556 2181 570 2203 ‚
591 2146 900 2209 malorumque
918 2146 1125 2192 omnibus
1145 2145 1392 2208 generibus.
1426 2143 1511 2190 Sed

229 2235 254 2265 e
290 2217 499 2277 Punicis,
537 2219 662 2282 quod
709 2219 889 2266 rhoiten
927 2231 1136 2265 vocant:
1180 2220 1231 2266 &
1266 2235 1289 2264 e
1326 2217 1511 2274 cornis,

229 2291 458 2354 mespilis,
488 2291 627 2339 sorbis
646 2327 660 2350 ‚
691 2293 830 2338 moris
859 2292 981 2339 ficcis
999 2327 1012 2348 ‚
1046 2292 1213 2339 nucieis
1246 2291 1403 2354 pineis.
1451 2290 1511 2336 Hi

180 2359 185 2364 ⁴
231 2365 378 2411 musto
415 2364 579 2413 madidi
611 2365 950 2428 exprimuntur:
987 2363 1211 2426 superiora
1238 2381 1317 2427 per
1345 2362 1387 2408 se
1424 2361 1513 2407 mi-

231 2436 308 2484 tia.
338 2437 562 2501 Myrtiten
594 2438 711 2485 Cato
746 2437 1125 2502 quemadmodum
1148 2435 1243 2484 fieri
1272 2434 1477 2484 docuerit
1495 2471 1513 2492 ,
