<?xml version="1.0" encoding="UTF-8"?>
<!DOCTYPE html PUBLIC "-//W3C//DTD XHTML 1.0 Transitional//EN"
    "http://www.w3.org/TR/xhtml1/DTD/xhtml1-transitional.dtd">
<html xmlns="http://www.w3.org/1999/xhtml" xml:lang="en" lang="en">
 <head>
  <title>
</title>
<meta http-equiv="Content-Type" content="text/html;charset=utf-8" />
  <meta name='ocr-system' content='tesseract 3.04.00' />
  <meta name='ocr-capabilities' content='ocr_page ocr_carea ocr_par ocr_line ocrx_word'/>
</head>
<body>
  <div class='ocr_page' id='page_1' title='image "./caiipliniisecund03plinuoft_0407.png"; bbox 0 0 1653 2797; ppageno 0'>
   <div class='ocr_carea' id='block_1_1' title="bbox 267 129 1414 201">
    <p class='ocr_par' dir='ltr' id='par_1_1' title="bbox 267 129 1414 201">
     <span class='ocr_line' id='line_1_1' title="bbox 267 129 1414 201; baseline 0.003 -23"><span class='ocrx_word' id='word_1_1' title='bbox 267 129 1042 179; x_wconf 78' lang='lat' dir='ltr'>NATUR.H15TOR.L113.</span> <span class='ocrx_word' id='word_1_2' title='bbox 1079 133 1193 181; x_wconf 83' lang='grc' dir='ltr'>ΧΧ.</span> <span class='ocrx_word' id='word_1_3' title='bbox 1319 150 1414 201; x_wconf 75' lang='lat'>399</span> 
     </span>
    </p>
   </div>
   <div class='ocr_carea' id='block_1_2' title="bbox 125 237 1415 2491">
    <p class='ocr_par' dir='ltr' id='par_1_2' title="bbox 134 237 1415 666">
     <span class='ocr_line' id='line_1_2' title="bbox 137 237 1414 302; baseline 0.005 -17"><span class='ocrx_word' id='word_1_4' title='bbox 137 237 348 286; x_wconf 86' lang='lat' dir='ltr'>secundas</span> <span class='ocrx_word' id='word_1_5' title='bbox 374 250 538 302; x_wconf 80' lang='lat' dir='ltr'>partus.</span> <span class='ocrx_word' id='word_1_6' title='bbox 566 239 622 284; x_wconf 91' lang='lat' dir='ltr'>Et</span> <span class='ocrx_word' id='word_1_7' title='bbox 639 275 651 297; x_wconf 77' lang='lat'><strong>‚</strong></span> <span class='ocrx_word' id='word_1_8' title='bbox 671 238 702 284; x_wconf 84' lang='lat' dir='ltr'>si</span> <span class='ocrx_word' id='word_1_9' title='bbox 734 239 975 286; x_wconf 87' lang='lat' dir='ltr'>foveantur</span> <span class='ocrx_word' id='word_1_10' title='bbox 1002 239 1173 288; x_wconf 86' lang='lat' dir='ltr'>semine</span> <span class='ocrx_word' id='word_1_11' title='bbox 1191 241 1379 291; x_wconf 68' lang='lat' dir='ltr'>decoEto</span> <span class='ocrx_word' id='word_1_12' title='bbox 1398 280 1414 302; x_wconf 88' lang='lat'>,</span> 
     </span>
     <span class='ocr_line' id='line_1_3' title="bbox 137 308 1415 375; baseline 0.002 -18"><span class='ocrx_word' id='word_1_13' title='bbox 137 311 336 375; x_wconf 87' lang='lat' dir='ltr'>sugillata</span> <span class='ocrx_word' id='word_1_14' title='bbox 359 311 504 358; x_wconf 82' lang='lat' dir='ltr'>reddit</span> <span class='ocrx_word' id='word_1_15' title='bbox 530 308 692 357; x_wconf 91' lang='lat' dir='ltr'>colori.</span> <span class='ocrx_word' id='word_1_16' title='bbox 735 311 852 357; x_wconf 83' lang='lat' dir='ltr'>Cum</span> <span class='ocrx_word' id='word_1_17' title='bbox 884 312 969 360; x_wconf 87' lang='lat' dir='ltr'>ovi</span> <span class='ocrx_word' id='word_1_18' title='bbox 999 313 1101 359; x_wconf 87' lang='lat' dir='ltr'>albo</span> <span class='ocrx_word' id='word_1_19' title='bbox 1125 313 1286 362; x_wconf 88' lang='lat' dir='ltr'>illitum</span> <span class='ocrx_word' id='word_1_20' title='bbox 1303 350 1316 373; x_wconf 85' lang='lat'><strong>‚</strong></span> <span class='ocrx_word' id='word_1_21' title='bbox 1339 325 1415 361; x_wconf 88' lang='lat' dir='ltr'>aut</span> 
     </span>
     <span class='ocr_line' id='line_1_4' title="bbox 135 382 1412 447; baseline 0.003 -17"><span class='ocrx_word' id='word_1_22' title='bbox 135 399 194 430; x_wconf 79' lang='lat' dir='ltr'>ex</span> <span class='ocrx_word' id='word_1_23' title='bbox 209 401 321 447; x_wconf 85' lang='lat' dir='ltr'>aqua</span> <span class='ocrx_word' id='word_1_24' title='bbox 339 385 516 431; x_wconf 66' lang='lat' dir='ltr'>costum</span> <span class='ocrx_word' id='word_1_25' title='bbox 537 394 786 446; x_wconf 86' lang='lat' dir='ltr'>potumque</span> <span class='ocrx_word' id='word_1_26' title='bbox 805 383 987 431; x_wconf 77' lang='lat' dir='ltr'><strong>renibus</strong></span> <span class='ocrx_word' id='word_1_27' title='bbox 1005 387 1243 434; x_wconf 74' lang='lat' dir='ltr'>medetur:</span> <span class='ocrx_word' id='word_1_28' title='bbox 1260 388 1312 433; x_wconf 58' lang='lat' dir='ltr'>&gt;in</span> <span class='ocrx_word' id='word_1_29' title='bbox 1330 382 1412 434; x_wconf 83' lang='lat' dir='ltr'>fri-</span> 
     </span>
     <span class='ocr_line' id='line_1_5' title="bbox 136 456 1413 521; baseline 0.003 -18"><span class='ocrx_word' id='word_1_30' title='bbox 136 457 240 521; x_wconf 77' lang='lat' dir='ltr'>gida</span> <span class='ocrx_word' id='word_1_31' title='bbox 270 457 425 504; x_wconf 89' lang='lat' dir='ltr'>tritum</span> <span class='ocrx_word' id='word_1_32' title='bbox 446 456 539 503; x_wconf 90' lang='lat' dir='ltr'>oris</span> <span class='ocrx_word' id='word_1_33' title='bbox 566 456 834 503; x_wconf 82' lang='lat' dir='ltr'><strong>hulceribus.</strong></span> <span class='ocrx_word' id='word_1_34' title='bbox 854 457 1013 503; x_wconf 85' lang='lat' dir='ltr'>Semen</span> <span class='ocrx_word' id='word_1_35' title='bbox 1041 475 1141 505; x_wconf 89' lang='lat' dir='ltr'>cum</span> <span class='ocrx_word' id='word_1_36' title='bbox 1161 460 1275 506; x_wconf 91' lang='lat' dir='ltr'>vino</span> <span class='ocrx_word' id='word_1_37' title='bbox 1295 496 1309 518; x_wconf 79' lang='grc'>,</span> <span class='ocrx_word' id='word_1_38' title='bbox 1337 460 1413 507; x_wconf 86' lang='lat' dir='ltr'>vel</span> 
     </span>
     <span class='ocr_line' id='line_1_6' title="bbox 134 529 1412 598; baseline 0.004 -21"><span class='ocrx_word' id='word_1_39' title='bbox 134 531 264 577; x_wconf 83' lang='lat' dir='ltr'>radix</span> <span class='ocrx_word' id='word_1_40' title='bbox 296 547 400 578; x_wconf 90' lang='lat' dir='ltr'>cum</span> <span class='ocrx_word' id='word_1_41' title='bbox 427 529 571 577; x_wconf 90' lang='lat' dir='ltr'>veteri</span> <span class='ocrx_word' id='word_1_42' title='bbox 594 529 738 588; x_wconf 89' lang='lat' dir='ltr'>vino,</span> <span class='ocrx_word' id='word_1_43' title='bbox 760 529 920 577; x_wconf 80' lang='lat' dir='ltr'>veficae</span> <span class='ocrx_word' id='word_1_44' title='bbox 954 532 1152 578; x_wconf 85' lang='lat' dir='ltr'>calculos</span> <span class='ocrx_word' id='word_1_45' title='bbox 1187 532 1412 598; x_wconf 76' lang='lat' dir='ltr'>frangunt.</span> 
     </span>
     <span class='ocr_line' id='line_1_7' title="bbox 135 603 1088 666; baseline 0.001 -17"><span class='ocrx_word' id='word_1_46' title='bbox 135 605 296 650; x_wconf 86' lang='lat' dir='ltr'>Semen</span> <span class='ocrx_word' id='word_1_47' title='bbox 316 603 447 649; x_wconf 88' lang='lat' dir='ltr'>datur</span> <span class='ocrx_word' id='word_1_48' title='bbox 469 605 519 650; x_wconf 91' lang='lat'>&amp;</span> <span class='ocrx_word' id='word_1_49' title='bbox 537 604 727 666; x_wconf 82' lang='lat' dir='ltr'>arquatis</span> <span class='ocrx_word' id='word_1_50' title='bbox 753 619 809 650; x_wconf 84' lang='lat' dir='ltr'>ex</span> <span class='ocrx_word' id='word_1_51' title='bbox 830 603 945 651; x_wconf 86' lang='lat' dir='ltr'>vino</span> <span class='ocrx_word' id='word_1_52' title='bbox 968 604 1088 650; x_wconf 86' lang='lat' dir='ltr'>albo.</span> 
     </span>
    </p>

    <p class='ocr_par' dir='ltr' id='par_1_3' title="bbox 132 675 1412 958">
     <span class='ocr_line' id='line_1_8' title="bbox 201 675 1412 745; baseline 0.002 -22"><span class='ocrx_word' id='word_1_53' title='bbox 201 675 342 723; x_wconf 92' lang='lat' dir='ltr'>XLV.</span> <span class='ocrx_word' id='word_1_54' title='bbox 376 675 625 739; x_wconf 88' lang='lat' dir='ltr'>Apiastrum</span> <span class='ocrx_word' id='word_1_55' title='bbox 652 677 862 741; x_wconf 82' lang='lat' dir='ltr'><strong>Hyginus</strong></span> <span class='ocrx_word' id='word_1_56' title='bbox 892 677 1071 740; x_wconf 85' lang='lat' dir='ltr'>quidem</span> <span class='ocrx_word' id='word_1_57' title='bbox 1102 678 1412 745; x_wconf 71' lang='lat' dir='ltr'>melissophyl-</span> 
     </span>
     <span class='ocr_line' id='line_1_9' title="bbox 133 747 1411 812; baseline 0.004 -18"><span class='ocrx_word' id='word_1_58' title='bbox 133 747 217 794; x_wconf 90' lang='lat' dir='ltr'>lon</span> <span class='ocrx_word' id='word_1_59' title='bbox 239 748 445 812; x_wconf 86' lang='lat' dir='ltr'>appellat.</span> <span class='ocrx_word' id='word_1_60' title='bbox 471 749 557 795; x_wconf 86' lang='lat' dir='ltr'>Sed</span> <span class='ocrx_word' id='word_1_61' title='bbox 578 749 625 795; x_wconf 90' lang='lat' dir='ltr'>in</span> <span class='ocrx_word' id='word_1_62' title='bbox 646 748 844 796; x_wconf 65' lang='lat' dir='ltr'>confessa</span> <span class='ocrx_word' id='word_1_63' title='bbox 868 750 1154 796; x_wconf 82' lang='lat' dir='ltr'>damnatione</span> <span class='ocrx_word' id='word_1_64' title='bbox 1180 751 1241 797; x_wconf 92' lang='lat' dir='ltr'>est</span> <span class='ocrx_word' id='word_1_65' title='bbox 1270 770 1411 808; x_wconf 61' lang='lat' dir='ltr'>vene-7</span> 
     </span>
     <span class='ocr_line' id='line_1_10' title="bbox 132 821 1410 885; baseline 0.004 -19"><span class='ocrx_word' id='word_1_66' title='bbox 132 832 291 867; x_wconf 89' lang='lat' dir='ltr'>natum</span> <span class='ocrx_word' id='word_1_67' title='bbox 318 822 366 868; x_wconf 91' lang='lat' dir='ltr'>in</span> <span class='ocrx_word' id='word_1_68' title='bbox 391 821 605 870; x_wconf 85' lang='lat' dir='ltr'>Sardinia.</span> <span class='ocrx_word' id='word_1_69' title='bbox 630 823 938 869; x_wconf 81' lang='lat' dir='ltr'>Contexenda·</span> <span class='ocrx_word' id='word_1_70' title='bbox 958 823 1076 870; x_wconf 89' lang='lat' dir='ltr'>enim</span> <span class='ocrx_word' id='word_1_71' title='bbox 1105 822 1203 869; x_wconf 87' lang='lat' dir='ltr'>sunt</span> <span class='ocrx_word' id='word_1_72' title='bbox 1229 825 1410 885; x_wconf 75' lang='lat' dir='ltr'>omnia,</span> 
     </span>
     <span class='ocr_line' id='line_1_11' title="bbox 134 895 1233 958; baseline 0.003 -18"><span class='ocrx_word' id='word_1_73' title='bbox 134 909 193 940; x_wconf 84' lang='lat' dir='ltr'>ex</span> <span class='ocrx_word' id='word_1_74' title='bbox 221 896 381 941; x_wconf 89' lang='lat' dir='ltr'>eodem</span> <span class='ocrx_word' id='word_1_75' title='bbox 405 895 590 942; x_wconf 87' lang='lat' dir='ltr'>nomine</span> <span class='ocrx_word' id='word_1_76' title='bbox 613 895 953 958; x_wconf 47' lang='lat' dir='ltr'>apudiGraecos</span> <span class='ocrx_word' id='word_1_77' title='bbox 980 896 1233 958; x_wconf 80' lang='lat' dir='ltr'>pendentia.</span> 
     </span>
    </p>

    <p class='ocr_par' dir='ltr' id='par_1_4' title="bbox 127 968 1411 1830">
     <span class='ocr_line' id='line_1_12' title="bbox 193 968 1411 1033; baseline 0.002 -19"><span class='ocrx_word' id='word_1_78' title='bbox 193 969 353 1015; x_wconf 91' lang='lat' dir='ltr'>XLVI.</span> <span class='ocrx_word' id='word_1_79' title='bbox 376 968 629 1015; x_wconf 83' lang='lat' dir='ltr'>Olusatrum</span> <span class='ocrx_word' id='word_1_80' title='bbox 648 970 775 1033; x_wconf 88' lang='lat' dir='ltr'>quod</span> <span class='ocrx_word' id='word_1_81' title='bbox 792 969 1119 1032; x_wconf 83' lang='lat' dir='ltr'>hipposelinum</span> <span class='ocrx_word' id='word_1_82' title='bbox 1138 983 1330 1029; x_wconf 85' lang='lat' dir='ltr'>vocant,</span> <span class='ocrx_word' id='word_1_83' title='bbox 1345 972 1411 1017; x_wconf 91' lang='lat' dir='ltr'>ad-</span> 
     </span>
     <span class='ocr_line' id='line_1_13' title="bbox 133 1040 1411 1105; baseline 0.005 -19"><span class='ocrx_word' id='word_1_84' title='bbox 133 1040 336 1088; x_wconf 86' lang='lat' dir='ltr'>versatur</span> <span class='ocrx_word' id='word_1_85' title='bbox 356 1041 685 1105; x_wconf 85' lang='lat' dir='ltr'>scorpionibus.</span> <span class='ocrx_word' id='word_1_86' title='bbox 716 1043 834 1089; x_wconf 91' lang='lat' dir='ltr'>Poto</span> <span class='ocrx_word' id='word_1_87' title='bbox 860 1042 1024 1089; x_wconf 87' lang='lat' dir='ltr'>semine</span> <span class='ocrx_word' id='word_1_88' title='bbox 1047 1043 1337 1101; x_wconf 81' lang='lat' dir='ltr'>torminibus,</span> <span class='ocrx_word' id='word_1_89' title='bbox 1360 1045 1411 1092; x_wconf 72' lang='grc' dir='ltr'>δεῖ</span> 
     </span>
     <span class='ocr_line' id='line_1_14' title="bbox 129 1113 1411 1179; baseline 0.002 -20"><span class='ocrx_word' id='word_1_90' title='bbox 129 1113 366 1162; x_wconf 83' lang='lat' dir='ltr'>interaneis</span> <span class='ocrx_word' id='word_1_91' title='bbox 405 1115 618 1164; x_wconf 87' lang='lat' dir='ltr'>medetur.</span> <span class='ocrx_word' id='word_1_92' title='bbox 667 1116 865 1179; x_wconf 87' lang='lat' dir='ltr'>Itemque</span> <span class='ocrx_word' id='word_1_93' title='bbox 902 1113 1231 1163; x_wconf 82' lang='lat' dir='ltr'>difficultatibus</span> <span class='ocrx_word' id='word_1_94' title='bbox 1268 1116 1411 1162; x_wconf 67' lang='lat' dir='ltr'>urinae</span> 
     </span>
     <span class='ocr_line' id='line_1_15' title="bbox 132 1184 1411 1252; baseline 0.004 -21"><span class='ocrx_word' id='word_1_95' title='bbox 132 1184 280 1232; x_wconf 83' lang='lat' dir='ltr'>semen</span> <span class='ocrx_word' id='word_1_96' title='bbox 308 1187 404 1248; x_wconf 85' lang='lat' dir='ltr'>ejus</span> <span class='ocrx_word' id='word_1_97' title='bbox 433 1188 665 1235; x_wconf 70' lang='lat' dir='ltr'>decthim</span> <span class='ocrx_word' id='word_1_98' title='bbox 687 1205 743 1234; x_wconf 81' lang='lat' dir='ltr'>ex</span> <span class='ocrx_word' id='word_1_99' title='bbox 761 1188 904 1235; x_wconf 83' lang='lat' dir='ltr'>mulso</span> <span class='ocrx_word' id='word_1_100' title='bbox 936 1202 1109 1252; x_wconf 85' lang='lat' dir='ltr'>potum.</span> <span class='ocrx_word' id='word_1_101' title='bbox 1147 1188 1293 1234; x_wconf 83' lang='lat' dir='ltr'>Radix</span> <span class='ocrx_word' id='word_1_102' title='bbox 1315 1188 1411 1247; x_wconf 72' lang='lat' dir='ltr'>ejus</span> 
     </span>
     <span class='ocr_line' id='line_1_16' title="bbox 127 1255 1410 1320; baseline 0.002 -18"><span class='ocrx_word' id='word_1_103' title='bbox 127 1255 182 1302; x_wconf 55' lang='lat' dir='ltr'>&lt;in</span> <span class='ocrx_word' id='word_1_104' title='bbox 203 1257 318 1304; x_wconf 89' lang='lat' dir='ltr'>vino</span> <span class='ocrx_word' id='word_1_105' title='bbox 338 1258 521 1306; x_wconf 70' lang='lat' dir='ltr'>deco&amp;a</span> <span class='ocrx_word' id='word_1_106' title='bbox 541 1258 743 1305; x_wconf 86' lang='lat' dir='ltr'>calculos</span> <span class='ocrx_word' id='word_1_107' title='bbox 755 1257 879 1320; x_wconf 87' lang='lat' dir='ltr'>pellit</span> <span class='ocrx_word' id='word_1_108' title='bbox 894 1294 908 1317; x_wconf 88' lang='lat'>‚</span> <span class='ocrx_word' id='word_1_109' title='bbox 928 1261 977 1306; x_wconf 72' lang='grc' dir='ltr'>δε</span> <span class='ocrx_word' id='word_1_110' title='bbox 995 1258 1252 1305; x_wconf 88' lang='lat' dir='ltr'>lumborum</span> <span class='ocrx_word' id='word_1_111' title='bbox 1271 1276 1323 1305; x_wconf 87' lang='lat' dir='ltr'>ac</span> <span class='ocrx_word' id='word_1_112' title='bbox 1350 1260 1410 1306; x_wconf 79' lang='lat' dir='ltr'>la—</span> 
     </span>
     <span class='ocr_line' id='line_1_17' title="bbox 136 1327 1409 1392; baseline 0.003 -19"><span class='ocrx_word' id='word_1_113' title='bbox 136 1327 242 1375; x_wconf 89' lang='lat' dir='ltr'>teris</span> <span class='ocrx_word' id='word_1_114' title='bbox 264 1328 458 1376; x_wconf 90' lang='lat' dir='ltr'>dolores.</span> <span class='ocrx_word' id='word_1_115' title='bbox 488 1329 625 1376; x_wconf 86' lang='lat' dir='ltr'>Canis</span> <span class='ocrx_word' id='word_1_116' title='bbox 647 1329 808 1377; x_wconf 81' lang='lat' dir='ltr'>rabiosi</span> <span class='ocrx_word' id='word_1_117' title='bbox 836 1329 1055 1375; x_wconf 79' lang='lat' dir='ltr'>morsibus</span> <span class='ocrx_word' id='word_1_118' title='bbox 1076 1341 1237 1392; x_wconf 86' lang='lat' dir='ltr'>potum</span> <span class='ocrx_word' id='word_1_119' title='bbox 1256 1332 1307 1377; x_wconf 82' lang='lat'>&amp;</span> <span class='ocrx_word' id='word_1_120' title='bbox 1327 1331 1409 1377; x_wconf 78' lang='lat' dir='ltr'>illi-</span> 
     </span>
     <span class='ocr_line' id='line_1_18' title="bbox 133 1402 1409 1466; baseline 0.001 -18"><span class='ocrx_word' id='word_1_121' title='bbox 133 1412 231 1449; x_wconf 85' lang='lat' dir='ltr'>tum</span> <span class='ocrx_word' id='word_1_122' title='bbox 253 1404 468 1450; x_wconf 88' lang='lat' dir='ltr'>medetur.</span> <span class='ocrx_word' id='word_1_123' title='bbox 501 1404 667 1450; x_wconf 86' lang='lat' dir='ltr'>Succus</span> <span class='ocrx_word' id='word_1_124' title='bbox 689 1403 783 1465; x_wconf 88' lang='lat' dir='ltr'>ejus</span> <span class='ocrx_word' id='word_1_125' title='bbox 814 1403 1009 1466; x_wconf 79' lang='lat' dir='ltr'>algentes</span> <span class='ocrx_word' id='word_1_126' title='bbox 1033 1402 1236 1450; x_wconf 81' lang='lat' dir='ltr'>calefacit</span> <span class='ocrx_word' id='word_1_127' title='bbox 1260 1414 1409 1465; x_wconf 83' lang='lat' dir='ltr'>potus.</span> 
     </span>
     <span class='ocr_line' id='line_1_19' title="bbox 127 1474 1411 1540; baseline -0.002 -17"><span class='ocrx_word' id='word_1_128' title='bbox 127 1478 359 1536; x_wconf 78' lang='lat' dir='ltr'>Quartum</span> <span class='ocrx_word' id='word_1_129' title='bbox 393 1493 531 1540; x_wconf 86' lang='lat' dir='ltr'>genus</span> <span class='ocrx_word' id='word_1_130' title='bbox 567 1493 622 1522; x_wconf 83' lang='lat' dir='ltr'>ex</span> <span class='ocrx_word' id='word_1_131' title='bbox 655 1477 815 1522; x_wconf 88' lang='lat' dir='ltr'>eodem</span> <span class='ocrx_word' id='word_1_132' title='bbox 848 1475 1017 1522; x_wconf 85' lang='lat' dir='ltr'>faciunt</span> <span class='ocrx_word' id='word_1_133' title='bbox 1053 1474 1190 1538; x_wconf 86' lang='lat' dir='ltr'>aliqui</span> <span class='ocrx_word' id='word_1_134' title='bbox 1226 1475 1411 1521; x_wconf 84' lang='lat' dir='ltr'>oreose-</span> 
     </span>
     <span class='ocr_line' id='line_1_20' title="bbox 133 1545 1411 1612; baseline -0.001 -18"><span class='ocrx_word' id='word_1_135' title='bbox 133 1549 292 1608; x_wconf 80' lang='lat' dir='ltr'>linon,</span> <span class='ocrx_word' id='word_1_136' title='bbox 310 1549 507 1612; x_wconf 85' lang='lat' dir='ltr'>palmum</span> <span class='ocrx_word' id='word_1_137' title='bbox 535 1550 627 1596; x_wconf 86' lang='lat' dir='ltr'>alto</span> <span class='ocrx_word' id='word_1_138' title='bbox 652 1548 810 1595; x_wconf 87' lang='lat' dir='ltr'>frutice</span> <span class='ocrx_word' id='word_1_139' title='bbox 831 1565 880 1595; x_wconf 89' lang='lat' dir='ltr'>ac</span> <span class='ocrx_word' id='word_1_140' title='bbox 903 1548 1024 1593; x_wconf 58' lang='lat' dir='ltr'>milo</span> <span class='ocrx_word' id='word_1_141' title='bbox 1050 1545 1240 1604; x_wconf 88' lang='lat' dir='ltr'>semine,</span> <span class='ocrx_word' id='word_1_142' title='bbox 1265 1547 1411 1593; x_wconf 85' lang='lat' dir='ltr'>cumi-</span> 
     </span>
     <span class='ocr_line' id='line_1_21' title="bbox 130 1619 1411 1680; baseline 0 -12"><span class='ocrx_word' id='word_1_143' title='bbox 130 1639 197 1669; x_wconf 87' lang='lat' dir='ltr'>no</span> <span class='ocrx_word' id='word_1_144' title='bbox 223 1623 376 1680; x_wconf 77' lang='lat' dir='ltr'>simili,</span> <span class='ocrx_word' id='word_1_145' title='bbox 395 1623 534 1668; x_wconf 85' lang='lat' dir='ltr'>urinae</span> <span class='ocrx_word' id='word_1_146' title='bbox 566 1626 616 1670; x_wconf 88' lang='lat'>&amp;</span> <span class='ocrx_word' id='word_1_147' title='bbox 640 1621 873 1668; x_wconf 87' lang='lat' dir='ltr'>menstruis</span> <span class='ocrx_word' id='word_1_148' title='bbox 903 1621 1076 1667; x_wconf 83' lang='lat' dir='ltr'>efficax.</span> <span class='ocrx_word' id='word_1_149' title='bbox 1120 1619 1411 1668; x_wconf 70' lang='lat' dir='ltr'>Heleoselino</span> 
     </span>
     <span class='ocr_line' id='line_1_22' title="bbox 131 1693 1410 1759; baseline -0.002 -16"><span class='ocrx_word' id='word_1_150' title='bbox 131 1695 204 1743; x_wconf 86' lang='lat' dir='ltr'>vis</span> <span class='ocrx_word' id='word_1_151' title='bbox 230 1696 408 1759; x_wconf 85' lang='lat' dir='ltr'>privata</span> <span class='ocrx_word' id='word_1_152' title='bbox 436 1707 595 1743; x_wconf 88' lang='lat' dir='ltr'>contra</span> <span class='ocrx_word' id='word_1_153' title='bbox 627 1711 826 1742; x_wconf 89' lang='lat' dir='ltr'>araneos.</span> <span class='ocrx_word' id='word_1_154' title='bbox 867 1694 953 1741; x_wconf 87' lang='lat' dir='ltr'>Sed</span> <span class='ocrx_word' id='word_1_155' title='bbox 981 1696 1032 1742; x_wconf 86' lang='lat'>&amp;</span> <span class='ocrx_word' id='word_1_156' title='bbox 1060 1693 1317 1742; x_wconf 84' lang='lat' dir='ltr'>oreoselino</span> <span class='ocrx_word' id='word_1_157' title='bbox 1345 1695 1410 1741; x_wconf 85' lang='lat' dir='ltr'>fe-</span> 
     </span>
     <span class='ocr_line' id='line_1_23' title="bbox 132 1765 723 1830; baseline 0.002 -19"><span class='ocrx_word' id='word_1_158' title='bbox 132 1765 266 1811; x_wconf 84' lang='lat' dir='ltr'>minae</span> <span class='ocrx_word' id='word_1_159' title='bbox 283 1779 531 1830; x_wconf 85' lang='lat' dir='ltr'>purgantur</span> <span class='ocrx_word' id='word_1_160' title='bbox 550 1784 572 1813; x_wconf 92' lang='lat' dir='ltr'>e</span> <span class='ocrx_word' id='word_1_161' title='bbox 595 1767 723 1813; x_wconf 87' lang='lat' dir='ltr'>vino.</span> 
     </span>
    </p>

    <p class='ocr_par' dir='ltr' id='par_1_5' title="bbox 125 1835 1409 2346">
     <span class='ocr_line' id='line_1_24' title="bbox 198 1835 1407 1902; baseline 0.001 -19"><span class='ocrx_word' id='word_1_162' title='bbox 198 1839 378 1884; x_wconf 89' lang='lat' dir='ltr'>XLVII.</span> <span class='ocrx_word' id='word_1_163' title='bbox 416 1839 520 1884; x_wconf 86' lang='lat' dir='ltr'>Alio</span> <span class='ocrx_word' id='word_1_164' title='bbox 549 1855 706 1902; x_wconf 80' lang='lat' dir='ltr'>genere</span> <span class='ocrx_word' id='word_1_165' title='bbox 729 1835 1035 1901; x_wconf 80' lang='lat' dir='ltr'>petroselinon</span> <span class='ocrx_word' id='word_1_166' title='bbox 1053 1835 1235 1900; x_wconf 89' lang='lat' dir='ltr'>quidam</span> <span class='ocrx_word' id='word_1_167' title='bbox 1254 1837 1407 1900; x_wconf 87' lang='lat' dir='ltr'>appel-</span> 
     </span>
     <span class='ocr_line' id='line_1_25' title="bbox 131 1911 1407 1975; baseline -0.002 -16"><span class='ocrx_word' id='word_1_168' title='bbox 131 1913 227 1959; x_wconf 85' lang='lat' dir='ltr'>lant</span> <span class='ocrx_word' id='word_1_169' title='bbox 247 1912 292 1957; x_wconf 91' lang='lat' dir='ltr'>in</span> <span class='ocrx_word' id='word_1_170' title='bbox 317 1911 428 1958; x_wconf 83' lang='lat' dir='ltr'>saxis</span> <span class='ocrx_word' id='word_1_171' title='bbox 446 1923 598 1958; x_wconf 83' lang='lat' dir='ltr'>natum</span> <span class='ocrx_word' id='word_1_172' title='bbox 613 1948 627 1971; x_wconf 86' lang='lat'><strong>‚</strong></span> <span class='ocrx_word' id='word_1_173' title='bbox 646 1911 919 1975; x_wconf 77' lang='lat' dir='ltr'>praecipuum</span> <span class='ocrx_word' id='word_1_174' title='bbox 937 1911 991 1958; x_wconf 84' lang='lat' dir='ltr'>ad</span> <span class='ocrx_word' id='word_1_175' title='bbox 1010 1911 1239 1971; x_wconf 83' lang='lat' dir='ltr'>vomicas,</span> <span class='ocrx_word' id='word_1_176' title='bbox 1265 1912 1407 1958; x_wconf 83' lang='lat' dir='ltr'>coch-</span> 
     </span>
     <span class='ocr_line' id='line_1_26' title="bbox 125 1984 1407 2049; baseline 0 -17"><span class='ocrx_word' id='word_1_177' title='bbox 125 1985 323 2032; x_wconf 75' lang='lat' dir='ltr'>learibus</span> <span class='ocrx_word' id='word_1_178' title='bbox 361 1985 476 2032; x_wconf 86' lang='lat' dir='ltr'>binis</span> <span class='ocrx_word' id='word_1_179' title='bbox 514 1984 634 2032; x_wconf 90' lang='lat' dir='ltr'>succi</span> <span class='ocrx_word' id='word_1_180' title='bbox 666 1985 823 2032; x_wconf 85' lang='lat' dir='ltr'>additis</span> <span class='ocrx_word' id='word_1_181' title='bbox 860 1985 907 2032; x_wconf 80' lang='lat' dir='ltr'>in</span> <span class='ocrx_word' id='word_1_182' title='bbox 945 1986 1163 2049; x_wconf 81' lang='lat' dir='ltr'>cyathum</span> <span class='ocrx_word' id='word_1_183' title='bbox 1194 1986 1407 2032; x_wconf 86' lang='lat' dir='ltr'>marrubii</span> 
     </span>
     <span class='ocr_line' id='line_1_27' title="bbox 132 2058 1409 2123; baseline 0.001 -18"><span class='ocrx_word' id='word_1_184' title='bbox 132 2059 281 2118; x_wconf 77' lang='lat' dir='ltr'>succi,</span> <span class='ocrx_word' id='word_1_185' title='bbox 300 2072 430 2123; x_wconf 87' lang='lat' dir='ltr'>atque</span> <span class='ocrx_word' id='word_1_186' title='bbox 453 2059 512 2106; x_wconf 88' lang='lat' dir='ltr'>ita</span> <span class='ocrx_word' id='word_1_187' title='bbox 530 2077 659 2123; x_wconf 81' lang='lat' dir='ltr'>aquae</span> <span class='ocrx_word' id='word_1_188' title='bbox 691 2059 845 2106; x_wconf 83' lang='lat' dir='ltr'>calidae</span> <span class='ocrx_word' id='word_1_189' title='bbox 874 2059 1016 2106; x_wconf 86' lang='lat' dir='ltr'>tribus</span> <span class='ocrx_word' id='word_1_190' title='bbox 1039 2058 1231 2123; x_wconf 79' lang='lat' dir='ltr'>cyathis.</span> <span class='ocrx_word' id='word_1_191' title='bbox 1265 2059 1409 2106; x_wconf 83' lang='lat' dir='ltr'>Addi-</span> 
     </span>
     <span class='ocr_line' id='line_1_28' title="bbox 133 2132 1408 2197; baseline -0.001 -17"><span class='ocrx_word' id='word_1_192' title='bbox 133 2134 235 2180; x_wconf 83' lang='lat' dir='ltr'>dere</span> <span class='ocrx_word' id='word_1_193' title='bbox 265 2134 444 2197; x_wconf 87' lang='lat' dir='ltr'>quidam</span> <span class='ocrx_word' id='word_1_194' title='bbox 468 2132 704 2179; x_wconf 87' lang='lat' dir='ltr'>buselinon</span> <span class='ocrx_word' id='word_1_195' title='bbox 726 2169 739 2191; x_wconf 84' lang='lat'><strong>‚</strong></span> <span class='ocrx_word' id='word_1_196' title='bbox 773 2132 981 2179; x_wconf 82' lang='lat' dir='ltr'>differens</span> <span class='ocrx_word' id='word_1_197' title='bbox 1015 2132 1234 2180; x_wconf 85' lang='lat' dir='ltr'>brevitate</span> <span class='ocrx_word' id='word_1_198' title='bbox 1268 2133 1408 2197; x_wconf 83' lang='lat' dir='ltr'>caulis</span> 
     </span>
     <span class='ocr_line' id='line_1_29' title="bbox 132 2206 1408 2270; baseline 0.002 -17"><span class='ocrx_word' id='word_1_199' title='bbox 132 2225 158 2253; x_wconf 94' lang='lat' dir='ltr'>a</span> <span class='ocrx_word' id='word_1_200' title='bbox 188 2207 332 2254; x_wconf 84' lang='lat' dir='ltr'>sativo</span> <span class='ocrx_word' id='word_1_201' title='bbox 358 2211 405 2256; x_wconf 65' lang='grc' dir='ltr'>δέ</span> <span class='ocrx_word' id='word_1_202' title='bbox 434 2208 598 2254; x_wconf 82' lang='lat' dir='ltr'>radicis</span> <span class='ocrx_word' id='word_1_203' title='bbox 636 2208 791 2255; x_wconf 90' lang='lat' dir='ltr'>colore</span> <span class='ocrx_word' id='word_1_204' title='bbox 819 2207 923 2254; x_wconf 91' lang='lat' dir='ltr'>rufo</span> <span class='ocrx_word' id='word_1_205' title='bbox 942 2243 956 2266; x_wconf 90' lang='lat'>‚</span> <span class='ocrx_word' id='word_1_206' title='bbox 988 2206 1178 2270; x_wconf 86' lang='lat' dir='ltr'>ejusdem</span> <span class='ocrx_word' id='word_1_207' title='bbox 1212 2206 1408 2255; x_wconf 67' lang='lat' dir='ltr'>effestus.</span> 
     </span>
     <span class='ocr_line' id='line_1_30' title="bbox 129 2281 1402 2346; baseline 0.001 -19"><span class='ocrx_word' id='word_1_208' title='bbox 129 2282 379 2328; x_wconf 77' lang='lat' dir='ltr'>Praevalere</span> <span class='ocrx_word' id='word_1_209' title='bbox 401 2294 557 2329; x_wconf 89' lang='lat' dir='ltr'>contra</span> <span class='ocrx_word' id='word_1_210' title='bbox 578 2281 799 2346; x_wconf 87' lang='lat' dir='ltr'>serpentes</span> <span class='ocrx_word' id='word_1_211' title='bbox 819 2293 934 2345; x_wconf 83' lang='lat' dir='ltr'>potu</span> <span class='ocrx_word' id='word_1_212' title='bbox 952 2283 1001 2329; x_wconf 86' lang='lat'>&amp;</span> <span class='ocrx_word' id='word_1_213' title='bbox 1022 2281 1169 2328; x_wconf 86' lang='lat' dir='ltr'>linitu.</span> <span class='ocrx_word' id='word_1_214' title='bbox 1379 2283 1402 2314; x_wconf 78' lang='lat'><em>⁰</em></span> 
     </span>
    </p>

    <p class='ocr_par' dir='ltr' id='par_1_6' title="bbox 131 2354 1409 2491">
     <span class='ocr_line' id='line_1_31' title="bbox 196 2354 1408 2419; baseline -0.002 -17"><span class='ocrx_word' id='word_1_215' title='bbox 196 2357 392 2402; x_wconf 84' lang='lat' dir='ltr'>XLVIII.</span> <span class='ocrx_word' id='word_1_216' title='bbox 426 2356 642 2402; x_wconf 87' lang='lat' dir='ltr'>Ocimum</span> <span class='ocrx_word' id='word_1_217' title='bbox 682 2371 865 2419; x_wconf 88' lang='lat' dir='ltr'>quoque</span> <span class='ocrx_word' id='word_1_218' title='bbox 903 2354 1179 2418; x_wconf 80' lang='lat' dir='ltr'>Chrysippus</span> <span class='ocrx_word' id='word_1_219' title='bbox 1211 2354 1408 2418; x_wconf 83' lang='lat' dir='ltr'>graviter</span> 
     </span>
     <span class='ocr_line' id='line_1_32' title="bbox 131 2426 1409 2491; baseline -0.001 -17"><span class='ocrx_word' id='word_1_220' title='bbox 131 2426 391 2491; x_wconf 76' lang='lat' dir='ltr'>increpuit,</span> <span class='ocrx_word' id='word_1_221' title='bbox 428 2427 588 2476; x_wconf 88' lang='lat' dir='ltr'>inutile</span> <span class='ocrx_word' id='word_1_222' title='bbox 628 2427 861 2476; x_wconf 87' lang='lat' dir='ltr'>stomacho</span> <span class='ocrx_word' id='word_1_223' title='bbox 887 2462 902 2487; x_wconf 82' lang='lat'>‚</span> <span class='ocrx_word' id='word_1_224' title='bbox 937 2428 1077 2476; x_wconf 81' lang='lat' dir='ltr'>urinae</span> <span class='ocrx_word' id='word_1_225' title='bbox 1108 2462 1122 2485; x_wconf 87' lang='lat'>‚</span> <span class='ocrx_word' id='word_1_226' title='bbox 1167 2427 1409 2476; x_wconf 87' lang='lat' dir='ltr'>oculorum</span> 
     </span>
    </p>
   </div>
  </div>
 </body>
</html>
