1653 2797
283 167 910 216 NATUR.}-115TOR.
946 167 1076 212 LIB.
1113 165 1234 211 XX.
1312 168 1397 229 385

124 275 339 325 restituat.
375 277 495 324 Facit
521 277 572 322 δε
606 273 813 332 somnos,
845 290 976 337 atque
1011 273 1055 319 in
1098 284 1245 319 totum
1277 273 1404 319 rubi-

123 352 347 400 cundiora
370 365 581 413 corpora.
619 351 841 395 Venerem
867 363 1053 413 quoque
1083 347 1276 394 stimulat
1304 360 1408 395 cum

124 424 373 472 coriandro
406 421 542 469 viridi
569 420 750 480 tritum,
782 431 1034 485 potumque
1065 438 1088 467 e
1117 433 1257 467 mero.
1287 421 1409 467 Vitia

125 497 224 559 ejus
255 496 385 553 sunt,
419 495 547 558 quod
572 496 735 543 oculos
763 495 970 554 hebetat,
998 495 1253 543 inflationes
1277 495 1410 553 facit,

126 569 408 620 stomachum
438 569 561 616 laedit
598 569 827 633 copiosius
850 569 1039 615 sumtum
1063 601 1076 627 ,
1108 570 1221 616 fitim
1252 570 1410 634 gignit.

123 647 296 692 Cetero
329 654 488 690 contra
517 643 723 706 pituitam
741 679 754 701 ,
786 644 835 690 &
866 641 1039 706 gallinis
1069 642 1120 687 &
1156 641 1411 705 gallinaceis

125 718 312 785 prodest
354 718 546 764 mixtum
589 717 705 764 farre
741 718 789 764 in
829 717 949 764 cibo.
993 718 1195 764 Jumenta
1235 717 1412 764 urinam

126 793 342 851 reddere,
372 805 503 856 atque
536 808 631 838 non
663 791 867 856 torqueri
897 790 1104 849 tradunt,
1134 790 1167 836 fi
1201 790 1309 836 trito
1330 807 1411 836 na·—

128 879 231 914 tura
251 876 471 930 tangatur.

197 938 370 989 XXIV.
388 939 592 985 Lastucae
611 933 771 1000 sponte
799 935 1018 984 nascentis
1039 933 1232 999 primum
1259 932 1320 983 est
1342 955 1414 1002 gea

129 1030 218 1062 nus
250 1013 373 1075 ejus,
409 1029 542 1076 quam
576 1011 805 1074 caprinam
843 1022 1046 1067 vocant,
1082 1027 1171 1073 qua
1199 1009 1337 1073 pisces
1368 1011 1418 1056 in

133 1103 257 1134 mare
283 1084 449 1148 deje&a
464 1084 674 1148 protinus
696 1096 935 1141 necantur,
967 1081 1172 1146 quisunt
1189 1081 1235 1128 in
1256 1082 1419 1145 proxi-³

132 1176 228 1208 mo.
268 1157 414 1219 Hujus
447 1158 515 1204 lac
543 1156 764 1220 spissatum
784 1193 797 1214 ,
831 1173 942 1203 mox
969 1155 1015 1201 in
1051 1167 1179 1202 aceto
1217 1155 1419 1218 pondere

72 1259 76 1263 ·
135 1231 386 1279 obolorum
411 1229 551 1276 duum
572 1265 585 1287 ,
614 1227 785 1289 adjeElo
815 1245 942 1291 aquae
970 1244 1065 1274 uno
1103 1227 1300 1292 cyatho,
1327 1228 1418 1291 hya

137 1304 335 1367 dropicis
376 1301 519 1349 datur.
566 1301 706 1348 Caule
738 1303 788 1348 &
823 1300 943 1347 foliis
980 1301 1208 1359 contusis,
1245 1300 1422 1363 asperso»

136 1378 253 1437 sale,
285 1377 417 1424 nervi
447 1375 572 1424 incifi
604 1373 820 1422 sanantur.
849 1374 1014 1421 Eadem
1042 1373 1146 1420 trita
1178 1391 1234 1420 ex
1263 1386 1420 1432 aceto,

138 1452 309 1502 colluta
329 1451 559 1498 matutinis
579 1449 645 1496 bis
665 1448 837 1508 mense,
859 1447 1060 1494 dentium
1080 1447 1287 1495 dolorem
1314 1465 1422 1511 pro·

137 1524 308 1573 hibent.

207 1598 364 1645 XXV.
389 1595 595 1643 Alterum
622 1592 684 1641 est
704 1611 841 1658 genus
857 1631 870 1651 ,
889 1594 1016 1658 quod
1035 1589 1187 1641 Graeci
1215 1592 1423 1655 'caesapon'

139 1682 329 1720 vocant.
367 1668 510 1730 Hujus
535 1668 646 1714 folia
681 1668 814 1731 trita,
843 1669 898 1715 ’δε
925 1685 1028 1715 cum
1055 1667 1255 1730 pollenta
1285 1667 1426 1725 illita,

141 1743 402 1795 hulceribus
434 1745 681 1790 medentur.
718 1744 829 1790 Haec
854 1743 901 1789 in
925 1742 1045 1789 arvis
1072 1741 1278 1788 nascitur.
1311 1744 1427 1788 Ter-

141 1819 256 1865 tium
275 1834 412 1881 genus
430 1816 492 1863 est
519 1817 566 1862 in
594 1816 718 1866 filvis
739 1815 920 1862 nascens
934 1852 946 1872 ,
968 1814 1094 1861 isatin
1118 1826 1304 1861 vocant.
1326 1814 1427 1859 Hit-‘-

142 1892 212 1958 jus
252 1891 363 1937 folia
399 1890 502 1937 trita
541 1907 643 1936 cum
686 1889 870 1952 polenta
916 1887 1430 1952 vulneribusprosunt.

146 1967 328 2027 Quarto
377 1962 615 2010 infectores
659 1963 859 2009 lanarum
896 1974 1111 2010 utuntur:
1159 1961 1296 2008 firnile
1339 1972 1431 2007 erat

145 2038 328 2103 lapatho
370 2038 559 2085 filvestri
602 2036 724 2085 foliis
748 2075 762 2097 ,
811 2035 892 2084 nisi
944 2035 1073 2100 plura
1116 2035 1333 2093 haberet,
1379 2037 1433 2083 &

146 2110 363 2174 nigriora.
408 2111 677 2175 Sanguinem
709 2110 828 2157 sistit.
874 2110 1167 2174 phagedaenas
1194 2111 1243 2156 ὅ(
1275 2121 1432 2172 putre-²·

147 2183 315 2231 scentia
343 2183 524 2231 hulcera
543 2221 556 2243 ,
585 2203 685 2249 qua:
712 2184 918 2248 serpunt,
949 2183 1092 2230 sanat}
1132 2177 1238 2229 item
1273 2193 1432 2227 tumo-

147 2271 218 2303 res
249 2267 351 2302 ante
382 2255 762 2320 suppurationem.
797 2258 972 2304 COntra
993 2256 1142 2321 ignem
1163 2254 1333 2302 sacrum
1357 2272 1433 2301 raii

152 2327 251 2374 dice
268 2329 344 2374 vel
358 2327 480 2376 foliis
502 2331 707 2394 prodest:
727 2330 804 2379 vel
825 2330 880 2378 ad
898 2331 1035 2377 lienes
1052 2343 1175 2394 pota.
1198 2329 1306 2374 Haec
1324 2342 1431 2390 proa

152 2401 253 2464 pria
277 2400 469 2463 lingulis⁴
663 2412 665 2415 '

215 2475 386 2521 XXVI.
417 2475 690 2523 Communia
726 2489 872 2525 autem
910 2476 1068 2541 sponte
1127 2473 1441 2537 nascentibus,

215 2555 264 2600 C.
284 2555 400 2600 Plin.
425 2559 522 2602 Vol.
542 2558 626 2602 III,
872 2554 898 2579 *
1060 2555 1093 2600 B
1118 2553 1147 2599 b
