1653 2797
274 151 560 197 NATUR.
598 149 1288 207 H15T0R.2,A12113.NXV11.
1365 148 1446 194 181

176 274 239 304 no
274 258 505 321 adigendo.
544 256 639 302 Tot
660 255 807 301 modis
825 255 996 313 insitam
1020 256 1229 303 arborem
1248 256 1448 315 vidimus

175 329 300 392 juxta
311 328 521 380 Tiburtes
534 327 730 384 Tullias,
746 327 872 373 omni
893 345 957 390 ge
949 346 1051 375 iere
1072 346 1314 392 pomorum
1335 345 1452 374 onu-

176 403 316 460 stam,
338 403 426 449 alio
449 417 573 448 ramo
602 400 818 459 nucibus,
854 401 942 446 alio
979 402 1155 459 baccis,
1179 403 1355 450 aliunde
1383 401 1451 454 vi-

175 487 219 522 te
236 475 396 534 ‚ficis,
433 474 569 537 piris,
605 473 812 531 Punicis,
833 473 1166 538 malorumque
1199 465 1451 538 generibus.

174 550 260 595 Sed
284 549 387 595 huic
415 547 566 595 brevis
593 545 679 594 fuit
706 547 812 594 vita.
844 548 941 594 Nec
969 562 1118 593 tamen
1154 563 1337 595 omnem
1368 565 1450 593 ex-

174 622 433 685 perimentis
473 621 641 684 assequi
689 633 887 668 naturam
933 621 1174 683 poffumus.
1231 622 1453 680 Quaedam

175 694 296 741 enim
335 694 454 741 nasci
475 730 488 752 ‚
515 693 594 739 nisi
629 692 785 756 sponte
815 693 938 738 nullo
973 693 1114 739 modo
1148 705 1342 756 queunt:
1378 709 1453 738 ea-

176 785 262 831 que
290 767 534 826 immitibus
554 778 725 813 tantum
748 768 798 814 &
816 765 994 813 desertis
1012 766 1126 814 locis
1156 765 1457 828 proveniunt.

177 839 468 902 Capaciffima
504 838 737 885 insitorum
762 839 967 885 omnium
1005 840 1181 886 ducitur
1212 836 1416 901 platanus
1439 874 1453 896 ‚

160 913 324 976 postea
353 914 516 960 robur:
553 929 714 958 verum
754 925 940 978 utraque
977 912 1151 976 sapores
1187 913 1454 976 corrumpit.

177 986 393 1045 Quaedam
426 985 552 1032 omni
589 1001 748 1048 genere
776 985 1062 1042 inseruntur,
1086 998 1133 1031 ut
1156 983 1268 1032 ficus
1296 988 1346 1033 &
1365 987 1453 1031 Pu-

173 1056 302 1102 nicae.
327 1056 443 1102 Vitis
469 1073 566 1102 non
594 1056 752 1119 recipit
782 1056 1035 1119 emplastra:
1055 1073 1156 1118 ¹nec
1192 1058 1355 1121 quibus
1388 1069 1452 1103 te-

173 1129 301 1187 nuis,
335 1145 387 1176 ac
408 1130 628 1187 caducus,
657 1128 933 1192 rimosusque
959 1142 1141 1175 cortex:
1180 1145 1327 1192 neque
1349 1129 1454 1174 ino-

175 1203 452 1266 culationem·
475 1203 601 1249 siccae
618 1239 631 1261 ‚
664 1215 738 1250 aut
756 1203 959 1250 humoris
984 1202 1149 1266 exigui.
1175 1202 1454 1249 Fertiliffima

174 1275 377 1321 omnium
401 1275 681 1333 inoculatio,
701 1274 854 1338 postea
880 1275 1194 1337 emplastratio.
1225 1274 1308 1320 Sed
1332 1286 1452 1320 utra·

174 1366 259 1413 (lue
284 1347 588 1395 infirmiffima.
615 1350 671 1394 Et
696 1366 797 1413 quae
819 1348 987 1395 cortice
1015 1348 1223 1394 nituntur
1246 1359 1451 1404 tantum,

173 1420 251 1467 vel
277 1420 369 1468 levi
387 1438 494 1467 aura
521 1419 718 1467 ociffime
739 1420 1065 1482 deplantantur.
1086 1419 1278 1466 Inserere
1296 1418 1452 1466 firmis-

174 1494 329 1540 simum
346 1529 360 1551 ‚
387 1498 437 1540 &
467 1492 755 1552 foecundius,
776 1510 907 1556 quam
940 1492 1093 1539 serere.

236 1568 345 1613 Non
369 1566 430 1613 est
447 1566 696 1612 omittenda
715 1567 871 1613 raritas
897 1566 1028 1612 unius
1055 1565 1263 1629 exempli.
1285 1566 1451 1615 Corel-

169 1641 253 1687 lius
284 1643 431 1704 Eques
455 1641 591 1686 Rom.
615 1639 762 1686 Ateste
784 1640 955 1703 genitus
972 1677 985 1697 ‚
1011 1640 1176 1687 insevit
1203 1640 1450 1687 castaneam

171 1714 484 1777 fiiometipsam
513 1712 691 1761 surculo
717 1714 764 1760 in
788 1716 1094 1778 Neapolitano
1116 1733 1241 1780 agro.
1265 1716 1337 1762 Sic
1362 1715 1451 1761 fac·

170 1799 213 1832 ta
242 1786 303 1832 est
339 1786 536 1833 castanea
553 1823 570 1845 ,
605 1805 703 1851 quae
742 1787 797 1834 ab
841 1804 896 1833 eo
934 1805 1103 1834 nomen
1132 1788 1304 1850 accepit
1337 1787 1453 1832 inter

170 1859 381 1905 laudatas.
413 1859 570 1906 Postea
591 1859 789 1922 Eterejus
818 1860 1004 1907 libertus
1037 1860 1340 1907 Corellianam
1363 1860 1449 1906 ite-

171 1949 270 1978 rum
300 1931 475 1979 insevit.
509 1934 619 1979 Haec
639 1932 699 1979 est
718 1933 834 1979 inter
851 1950 922 1980 eas
953 1933 1233 1980 differentia:
1262 1932 1337 1978 illa
1366 1948 1450 1978 co-

175 2002 374 2066 piofior,
402 2003 497 2050 haec
524 2003 754 2066 Eterejana
787 2006 962 2054 melior.

236 2079 425 2124 XXVII.
466 2077 655 2140 Reliqua
688 2095 849 2142 genera
884 2078 1005 2126 casus
1038 2079 1221 2143 ingenio
1258 2078 1336 2126 suo
1372 2096 1452 2126 ex-

173 2149 393 2211 cogitavit
411 2185 424 2208 ‚
459 2167 509 2197 ac
538 2149 756 2197 defractos
788 2150 928 2198 serere
952 2169 1103 2198 ramos
1138 2152 1294 2199 docuit
1314 2189 1327 2209 ‚
1350 2169 1451 2199 cum

171 2226 258 2288 pali
292 2222 428 2270 defixi
469 2223 637 2271 radices
680 2224 903 2286 cepiffent.
948 2224 1094 2275 Multa
1129 2224 1186 2270 fic
1220 2223 1449 2280 seruntur,

170 2296 459 2359 inprimisque
496 2295 607 2343 ficus
627 2333 641 2355 ‚
674 2298 885 2345 omnibus
918 2298 1014 2345 aliis
1052 2298 1197 2344 modis
1237 2296 1448 2354 nascens,

171 2380 468 2432 praeterquam
500 2369 633 2416 talea:
666 2371 835 2433 optime
865 2371 1045 2436 quidem
1064 2408 1076 2429 ‚
1111 2371 1141 2416 si
1164 2369 1357 2417 vastiore
1377 2387 1449 2416 ra-
1508 2377 1512 2380 ”

171 2456 248 2487 mo
277 2439 367 2504 pali
396 2440 536 2487 modo
568 2456 760 2491 exacuto
793 2444 997 2508 adigatur
1028 2444 1142 2499 alte,
1173 2442 1338 2505 exiguo
1376 2441 1448 2489 su-

1121 2515 1169 2558 M
1194 2529 1214 2574 3
