1653 2797
275 144 545 191 NATUR.
579 142 882 191 H1sToR.
915 143 1047 191 L1B.
1081 145 1299 191 XV111.
1364 157 1450 207 315

181 251 273 299 sum
308 252 508 299 imbrem.
545 250 761 298 Graeculi
792 249 889 297 sero
916 268 941 297 a
972 251 1144 314 pabulis
1172 251 1456 308 recedentes,

178 324 385 376 hiemem.
420 328 475 371 Et
502 324 614 371 albae
649 338 778 379 aveS‚
810 339 913 369 cum
945 325 1354 387 congregabuntur.
1397 326 1456 369 Et

178 414 283 445 cum
312 396 534 445 terrestres
569 394 782 442 volucres
819 406 979 442 contra
1022 412 1182 458 aquam
1219 397 1452 459 clangores

176 468 371 526 dabunt,
391 466 705 531 perfundentes
730 465 838 513 sese:
861 465 935 513 sed
951 468 1142 514 maxime
1170 470 1343 516 cornix.
1369 469 1453 514 Hi·-

175 540 323 586 rundo
355 551 446 586 tam
478 539 601 602 juxta
629 556 790 603 aquam
816 538 1046 598 volitans,
1084 552 1132 586 ut
1165 558 1310 603 penna
1339 541 1452 603 saepe

172 608 402 673 percutiat.
448 611 654 674 Quaeque
693 611 740 656 in
781 609 1017 658 arboribus
1057 610 1292 668 habitant,
1327 612 1448 674 fugi-

172 693 316 730 tantes
341 684 388 730 in
412 684 528 733 nidis
556 683 657 732 suis.
699 686 755 730 Et
789 683 961 731 anseres
993 685 1214 732 continuo
1237 683 1450 747 cl‘angore

172 754 491 819 intempestivi.
527 758 676 804 Ardea
705 757 753 804 in
778 757 934 806 mediis
965 757 1109 805 arenis
1140 757 1287 805 tristis.

237 830 530 879 LXXXVIII.
558 832 656 877 Nec
683 829 846 878 mirum
862 865 877 888 ,
906 828 1128 894 aquaticas
1147 865 1161 889 ‚
1190 842 1265 877 aut
1289 830 1337 877 in
1372 841 1449 876 to-

173 912 270 948 tum
297 901 512 949 volucres
553 901 764 966 praesagia
797 901 907 949 aeris
947 901 1119 949 sentire.
1162 903 1331 950 Pecora
1364 919 1448 949 ex-

172 972 405 1032 sultantia,
440 974 491 1021 &
527 973 742 1021 indecora
777 973 958 1022 lascivia
994 975 1226 1033 ludentia,
1263 976 1449 1022 eandem

170 1045 542 1109 significationem
575 1046 754 1093 habent.
786 1049 842 1093 Et
868 1047 1012 1094 boves
1042 1047 1200 1094 caelum
1228 1046 1448 1094 olfactan-

170 1131 265 1175 tes,
283 1118 417 1184 seque
434 1118 678 1166 lambentes
695 1130 856 1167 contra
875 1120 1030 1184 pilum.
1059 1119 1321 1183 Turpesque
1340 1137 1447 1183 por-

170 1192 212 1238 ci
243 1191 413 1242 alienos
444 1191 523 1238 fibi
551 1190 808 1254 manipulos
846 1192 962 1239 foeni
1000 1193 1275 1240 lacerantes:
1303 1192 1447 1258 segni-

170 1278 327 1329 terque
353 1267 403 1313 &
421 1277 582 1312 contra
612 1263 873 1312 industriam
903 1265 1024 1312 suam
1052 1264 1326 1314 absconditae
1352 1265 1447 1314 for-

168 1337 319 1396 micae,
337 1337 414 1385 vel
439 1335 755 1386 concursantes
770 1372 785 1395 ‚
803 1349 877 1385 aut
896 1354 990 1386 ova
1007 1350 1313 1402 progerentes.
1331 1343 1443 1388 Item

171 1427 348 1459 vermes
379 1411 546 1459 terreni
576 1423 876 1474 erumpentes.

248 1487 504 1536 LXXXIX.
531 1483 780 1533 Trifolium
811 1499 994 1547 quoque
1027 1483 1362 1544 inhorrescere,
1396 1487 1446 1532 &

167 1558 276 1609 folia
301 1570 462 1607 contra
485 1556 790 1620 tempestatem
816 1555 1044 1622 subrigere
1081 1569 1250 1604 certum
1268 1556 1343 1603 est.

245 1630 350 1676 XC.
384 1630 484 1677 Nec
512 1646 609 1676 non
633 1628 681 1674 in
706 1627 937 1675 conviviis
967 1627 1213 1692 mensisque
1247 1629 1408 1675 nostris
1427 1665 1442 1687 ‚

165 1701 269 1750 vasa
304 1702 466 1768 quibus
492 1700 766 1750 esculentum
792 1701 967 1749 additur
985 1738 1002 1759 ,
1031 1701 1238 1749 sudorem
1266 1702 1438 1764 reposta

165 1775 294 1824 toriis
322 1775 539 1842 liquentia
556 1810 571 1834 ‚
597 1774 713 1823 diras
733 1773 1011 1837 tempestates
1040 1774 1354 1839 praenuntiant.
