1653 2797
265 164 555 212 NATUR.
597 163 901 212 HISTOR.
941 164 1064 211 LIB.
1103 163 1227 213 XV.
1324 167 1381 214 61

103 282 172 318 ter
207 285 424 321 externas.
461 273 575 319 Idaea
609 270 742 318 rubet
774 271 913 319 olivae
943 273 1278 337 magnitudine,
1309 287 1394 323 ro-‘

104 345 293 393 tundior
339 357 552 402 tantum,
599 343 753 407 sapore
795 345 982 407 mespili.
1043 347 1396 398 Alexandrinam

105 419 221 469 hanc
256 422 319 468 ibi
351 432 547 478 vocant,
581 419 866 468 craffitudine
902 420 1116 467 cubitali:
1151 423 1396 484 ramosam,

104 494 288 540 materie
321 493 548 553 validam,
582 493 785 550 lentam,
820 492 910 538 fine
938 492 1047 538 laete
1066 529 1082 548 ‚
1115 495 1287 542 cortice
1317 497 1395 543 vi-

107 566 221 624 ridi,
248 565 367 612 folio
407 566 514 613 tiliae
536 603 550 625 ‚
579 566 652 613 sed
684 564 829 611 molli.
879 564 1157 611 Oneficritus
1187 567 1319 614 tradit
1350 568 1400 615 in

110 640 343 703 Hyrcania
377 640 571 686 multum
612 637 772 684 nostris
810 637 894 683 effe
924 637 1173 696 dulciores,
1206 638 1402 687 fertilio-

110 710 288 775 resque,
310 724 359 759 ut
379 729 482 776 quae
510 712 693 758 modios
724 719 899 757 CCLXX
928 709 1112 773 fingulae
1137 710 1294 758 ferant.
1329 714 1401 760 Ad

111 799 197 830 nos
231 800 287 830 ex
336 784 433 831 aliis
473 784 656 830 tranfire
695 782 932 846 gentibus,
969 781 1207 841 Chalcide,
1247 784 1401 832 Chio:

109 874 301 919 quarum
336 858 464 921 plura
504 873 676 922 genera.
724 855 955 915 Siquidem
993 858 1044 903 &
1075 857 1265 921 Lydiae,
1299 875 1402 922 quae

113 929 212 977 sunt
249 948 516 993 purpureae,
553 932 603 977 &
637 928 933 987 mamillanae,
968 928 1299 977 fimilitudinem
1333 949 1404 979 ea-

112 1021 213 1050 rum
244 1005 438 1050 habent:
476 1006 527 1050 ὃς
565 1002 868 1049 callistruthiae
903 1019 1061 1065 parum
1100 1001 1253 1066 sapore
1285 1022 1403 1067 prae-

115 1077 380 1134 stantiores,
401 1074 596 1122 ficorum
627 1075 836 1121 omnium
869 1074 1170 1139 frigidiffimae.
1203 1079 1319 1124 Nam
1350 1079 1405 1126 de

116 1150 372 1208 Africanis,
407 1168 515 1214 quas
558 1151 690 1197 multi
722 1150 968 1214 praeferunt
1005 1151 1176 1198 cunctis
1199 1188 1212 1210 ‚
1246 1170 1406 1217 magna

116 1225 308 1286 quaestio
333 1224 421 1270 est:
459 1241 563 1272 cum
596 1224 642 1270 id
674 1241 810 1288 genus
844 1224 891 1269 in
915 1223 1115 1270 Africam
1150 1226 1406 1288 nuperrime

121 1297 370 1356 transierit,
403 1298 559 1360 patriae
593 1312 763 1342 nomen
793 1295 1017 1342 obtinent.
1055 1297 1173 1342 Nam
1208 1298 1409 1345 Alexan-

123 1370 249 1415 drina
270 1387 294 1416 e
317 1369 455 1432 nigris
481 1369 566 1427 est,
595 1369 858 1415 candicante
886 1369 1020 1426 rima,
1044 1370 1321 1433 cognomine
1337 1372 1413 1418 de·
1455 1379 1466 1385 ”

125 1441 282 1487 licatae.
317 1443 461 1506 Nigra
482 1443 531 1490 &
549 1441 729 1488 Rhodia
755 1440 842 1499 est,
874 1441 924 1488 &
945 1441 1186 1489 Tiburtina
1215 1444 1268 1489 de
1295 1461 1413 1507 prae-

125 1515 328 1561 cocibus.
343 1516 455 1561 Sunt
472 1517 522 1562 &
537 1516 766 1562 auctorum
785 1514 972 1560 nomina
986 1514 1038 1560 iis
1055 1550 1068 1572 ,
1089 1514 1232 1562 Liviae
1245 1553 1256 1573 ‚
1276 1517 1413 1562 Porn-

123 1588 266 1650 pejae:
302 1589 517 1636 siccandis
548 1590 644 1637 haec
676 1590 781 1636 Sole
817 1590 864 1636 in
902 1606 1078 1636 annuos
1111 1589 1213 1637 usus
1246 1591 1412 1654 aptiffi-

127 1678 226 1720 ma,
262 1680 368 1710 cum
401 1663 596 1710 mariscis
616 1700 629 1721 ‚
665 1665 715 1711 &
743 1679 851 1727 quas
877 1663 1149 1710 arundinum
1180 1663 1281 1710 folii
1314 1683 1411 1711 ma-

131 1734 230 1780 cula
264 1736 424 1782 variat.
451 1735 526 1782 Est
558 1737 608 1782 &
636 1736 945 1794 Herculanea,
974 1737 1025 1783 &
1053 1736 1290 1783 albicerata
1307 1773 1320 1795 ‚
1364 1740 1415 1785 δέ

130 1807 264 1854 aratia
283 1808 406 1867 alba,
427 1809 639 1872 pediculo
665 1809 858 1856 minimo
875 1846 888 1867 ‚
915 1809 1130 1856 latiffima.
1156 1810 1307 1856 Primo
1334 1828 1415 1857 au-

133 1893 222 1926 tem
241 1883 459 1944 provenit
478 1883 785 1948 porphyrius,
803 1884 1061 1947 longiffimo
1076 1883 1304 1946 pediculo.
1321 1885 1416 1930 Co-

136 1953 319 2001 mitatur
345 1972 442 2002 eam
465 1973 489 2002 e
511 1957 708 2003 minimis
729 1959 779 2005 &
806 1956 1049 2015 viliffimis‚
1069 1957 1300 2019 popularis
1318 1957 1416 2005 dic-

138 2037 193 2073 ta.
229 2027 405 2076 Contra
434 2030 676 2077 noviffima
702 2030 780 2077 sub
819 2031 964 2077 hieme
1003 2042 1246 2077 maturatur
1278 2031 1419 2077 cheli-

140 2100 288 2148 donia.
326 2102 438 2150 Sunt
474 2116 687 2167 praeterea
717 2104 883 2151 eaedem
915 2103 1121 2150 serotinae
1154 2105 1204 2151 &
1241 2122 1420 2167 praeco-

141 2190 213 2220 ces
230 2210 243 2229 ,
267 2174 419 2222 biferae
434 2214 450 2235 ,
481 2177 580 2224 alba
611 2195 663 2225 ac
697 2178 848 2241 nigra,
876 2194 978 2224 cum
1009 2176 1140 2223 meffe
1166 2177 1420 2223 vindemia-

142 2262 228 2308 que
263 2248 616 2298 maturescentes.
663 2250 884 2297 Serotinae
907 2251 958 2298 &
983 2267 1007 2297 a
1036 2250 1166 2297 corio
1193 2250 1424 2313 appellata:

145 2319 285 2367 duro:
314 2336 370 2367 ex
390 2323 661 2372 Chalcidicis
685 2325 962 2389 quarundam
991 2323 1150 2372 trifero
1176 2335 1425 2385 proventu.

144 2394 327 2443 Tarenti
358 2406 531 2444 tantum
562 2398 807 2461 praedulces
840 2397 1108 2453 nascuntur,
1127 2411 1236 2458 quas
1257 2408 1430 2445 vocant

148 2483 278 2516 onas.'
