1653 2797
202 198 292 242 244
466 173 522 222 C.
572 173 837 221 PLINII
883 168 1260 219 SECUNDI

199 300 354 337 mento
396 284 582 332 minime
612 280 950 331 calamitosum:
987 280 1091 344 quia
1138 292 1240 328 ante
1275 280 1480 339 tollitur,

201 378 336 425 quam
369 357 569 405 triticum
614 366 809 417 occupet
853 353 1027 416 rubigo·
1082 355 1233 417 Itaque
1269 353 1486 416 sapientes

202 431 416 497 agricolae
446 429 642 476 triticum
665 425 841 473 cibariis
861 436 1035 471 tantum
1054 426 1215 472 serunt.
1250 425 1488 472 Hordeum

207 505 380 553 sarculo
402 504 482 551 seri
509 503 665 549 dicunt
682 536 695 558 ,
719 511 960 563 propterea
988 499 1222 546 celerrime
1239 499 1376 548 reditx
1395 499 1489 548 fer-

205 578 538 638 tiliffimumque
555 611 568 630 ‚
595 572 723 636 quod
741 572 788 617 in
809 570 1031 633 Hispaniae
1053 571 1325 634 Carthagine
1342 572 1491 635 Aprili

206 651 355 701 mense
391 649 629 697 collettum
646 645 737 692 est:
774 644 864 691 hoc
896 643 1054 690 seritur
1088 645 1248 691 eodem
1274 639 1423 694 mense
1443 646 1492 692 in

208 722 484 781 Celtiberia,
518 721 767 783 eodemque
797 733 920 765 anno
950 717 1018 764 bis
1055 717 1260 765 nascitur.
1295 718 1492 783 Rapitur

209 816 346 849 omne
366 816 391 845 a
407 796 549 861 prima
566 793 710 839 statim
743 791 998 837 maturitate
1024 788 1300 837 festinantius
1315 827 1329 850 ,
1353 783 1493 856 quam

210 885 372 922 cetera.
402 865 562 930 Fragili
587 863 707 911 enim
726 863 882 926 stipula
906 864 956 911 &
978 863 1226 910 tenuiffima
1246 864 1371 926 palea
1391 881 1494 929 gra-

208 963 321 992 num
361 939 633 988 continetur.
677 935 916 982 Meliorem
961 935 1093 982 etiam
1130 936 1360 998 polentam
1398 936 1496 986 fieri

211 1015 421 1069 tradunt,
450 1010 483 1056 fi
511 1025 607 1054 non
630 1007 819 1053 excocta
851 1006 1102 1052 maturitate
1130 1008 1330 1056 tollatur.

309 1082 435 1132 XIX.
483 1078 714 1128 Frumenti
759 1095 1057 1142 generanon
1096 1080 1247 1126 eadem
1291 1081 1493 1145 ubique:

216 1174 300 1205 nec
333 1155 411 1203 ubi
443 1153 596 1200 eadem
624 1150 745 1209 sunt,
779 1149 930 1196 iisdem
964 1150 1237 1198 nominibus.
1273 1153 1498 1217 Vulgatis—

216 1232 351 1287 fima,
382 1226 474 1284 far,
498 1224 624 1288 quod
652 1223 869 1270 adoreum
903 1234 1078 1269 veteres
1104 1224 1411 1287 appellavere,
1440 1228 1499 1273 fi-

217 1303 342 1366 ligo,
381 1298 599 1346 triticum.
652 1297 762 1342 Haec
809 1294 1014 1358 plurimis
1057 1295 1184 1342 terris
1225 1299 1499 1347 communia.

221 1375 390 1422 Arinca
426 1369 676 1418 Galliarum
716 1368 931 1431 propria,
966 1368 1150 1432 copiosa
1174 1371 1224 1418 δε
1251 1372 1389 1418 Italiae
1425 1374 1502 1422 est'.

220 1449 423 1511 AEgypto
455 1454 604 1489 autem
630 1459 681 1488 ac
705 1441 848 1506 Syriae
868 1477 882 1500 ,
905 1441 1173 1505 Ciliciaeque
1200 1445 1249 1491 δέ
1280 1445 1415 1505 Afiae,
1448 1464 1502 1495 ac

221 1518 414 1566 Graeciae
450 1514 725 1576 peculiares,
761 1530 867 1571 zea,
901 1514 1067 1577 olyra,
1095 1515 1234 1577 tiphe.
1277 1517 1502 1582 AEgyptus

223 1587 512 1650 similaginem
548 1583 736 1630 conficit
757 1601 782 1629 e
809 1585 962 1631 tritico
987 1584 1065 1630 suo
1083 1622 1097 1644 ,
1119 1604 1397 1652 nequaquam
1413 1594 1502 1638 Ita-

222 1666 295 1712 liae
323 1678 489 1726 parem.
529 1659 627 1719 Qui
651 1675 724 1704 zea
748 1670 936 1704 utuntur
954 1693 968 1716 ,
997 1674 1092 1704 non
1114 1659 1281 1706 habent
1316 1660 1397 1707 far.
1430 1663 1502 1708 Est

226 1739 276 1785 δε
305 1736 402 1781 haec
421 1731 556 1779 Italiae
579 1732 627 1776 in
650 1730 898 1792 Campania
921 1729 1113 1775 maxime
1129 1767 1142 1786 ,
1166 1730 1402 1795 semenque
1423 1751 1504 1796 ap-

225 1807 430 1873 pellatur.
467 1805 570 1851 Hoc
596 1802 728 1848 habet
759 1818 926 1847 nomen
949 1818 1016 1847 res
1052 1803 1288 1864 praeclara,
1310 1817 1361 1851 ut
1391 1821 1504 1853 mox

225 1879 511 1926 docebimus:
547 1886 731 1938 propter
761 1889 895 1935 quam
918 1871 1142 1919 Homerus
1172 1882 1343 1936 (slsum
1367 1884 1503 1938 ἄρουρα

227 1953 369 2001 dixit:
404 1967 500 1996 non
532 1960 582 1994 ut
616 1946 756 2009 aliqui
784 1946 1083 2003 arbitrantur,
1112 1947 1329 2010 quoniam
1364 1948 1503 1995 vitam

228 2026 427 2072 donaret.
462 2021 680 2085 Amylum
712 2036 894 2083 quoque
927 2036 984 2065 ex
1016 2036 1066 2065 ea
1092 2018 1169 2077 fit,
1205 2020 1356 2082 priore
1388 2021 1505 2068 cras-

229 2100 329 2148 fiuS.
368 2099 478 2144 Haec
503 2095 596 2143 sola
627 2093 872 2140 differentia
904 2094 978 2140 est.

295 2175 364 2220 Ex
392 2171 519 2217 omni
552 2185 710 2234 genere
740 2168 1013 2214 duriffimum
1045 2166 1140 2225 far,
1161 2169 1211 2215 &
1231 2181 1391 2215 contra
1410 2168 1505 2215 hie.-

232 2263 325 2293 mes
362 2243 671 2310 firmissimum.
713 2243 882 2289 Patitur
916 2242 1220 2305 frigidiffimos
1259 2242 1419 2300 locos,
1455 2243 1507 2289 &

230 2321 377 2367 minus
413 2318 642 2368 subactos,
673 2317 749 2363 vel
793 2316 1035 2373 aestuosos,
1070 2316 1363 2379 sitientesque.
1407 2315 1504 2361 Pri-

232 2410 328 2439 mus
373 2390 566 2455 antiquis
597 2390 725 2436 Latio
767 2390 917 2446 cibus,
963 2405 1127 2453 magno
1163 2399 1425 2452 argumento
1459 2388 1505 2434 in

158 2482 159 2486 ¹
231 2467 408 2513 adoreae
441 2464 603 2522 doniS,
633 2463 761 2509 sicuti
792 2462 999 2509 diximus.
1038 2462 1163 2508 Pulte
1199 2474 1375 2516 autem,
1412 2477 1505 2508 non
