1653 2797
293 112 391 175 416·
562 111 617 159 c.
668 111 1348 167 PL1N118ECUND1

291 221 461 270 bibitur
481 258 505 285 ⁹,
526 221 799 286 Pythagorae
838 222 954 269 inter
997 241 1139 287 pauca
1173 225 1400 276 laudatum
1421 265 1436 288 ‚
1475 231 1566 282 five

290 297 478 346 crudum
499 331 514 353 ‚
548 295 640 340 five
679 295 929 342 decoctum.
977 299 1086 343 Item
1122 297 1265 345 viride
1303 301 1565 367 aridumve,

291 369 501 417 omnibus
542 385 642 432 quae
681 368 991 426 condiuntur,
1025 387 1214 433 quaeque
1249 372 1529 438 intinguntur
1549 415 1565 438 ,

290 444 596 490 desideratum.
642 441 770 487 Panis
797 441 928 487 etiam
958 441 1111 488 crustis
1143 442 1428 494 inferioribus
1465 448 1566 497 sub-

289 517 446 562 ditum.
482 513 629 559 Saccis
663 529 846 576 quoque
876 514 1064 560 additur.
1099 515 1217 561 Cum
1243 519 1401 565 amaris
1434 523 1580 569 nuci-v.

288 589 370 635 bus
405 588 514 634 vina
562 586 860 632 commendat.
904 586 1033 646 Quin
1070 586 1210 650 ipsum
1245 590 1334 637 oris
1373 592 1564 644 halitum

287 660 602 724 jucundiorem
625 658 757 715 facit,
780 657 1087 722 foetoremque
1112 660 1230 707 tollit
1251 664 1564 713 manducatum

288 733 518 781 matutinis
548 749 649 778 cum
690 730 893 794 smyrnio
914 768 928 789 ‚
956 733 1005 779 &
1045 733 1175 778 melle
1212 734 1379 798 exiguo
1399 773 1414 795 ‚
1449 755 1561 786 mox

286 808 402 852 vino
421 804 656 853 collutum.
676 803 862 848 Vultum
884 802 1106 863 iuniorem
1125 805 1309 866 praestat.
1341 806 1562 858 Insomnia

286 878 409 924 levat
437 873 688 937 suspensum
716 874 763 919 in
791 874 986 936 pulvino
1009 912 1022 933 ,
1057 888 1106 922 ut
1139 866 1409 925 dormientes
1443 880 1562 928 olfa—

288 953 420 999 ciant.
466 948 779 1012 Appetentiam
825 948 1031 995 ciborum
1069 950 1265 1012 praestat‚
1290 954 1472 1015 quando
1515 955 1561 1004 id

288 1041 475 1092 quoque
511 1023 627 1069 inter
657 1020 843 1068 artificia
875 1022 1045 1069 deliciae
1079 1022 1223 1070 fecere
1242 1061 1256 1083 ,
1285 1043 1339 1072 ex
1368 1043 1459 1089 quo
1493 1028 1559 1075 la-

285 1103 372 1149 bor
409 1096 534 1145 desiit
564 1095 691 1143 cibos
721 1094 920 1158 poscere.
974 1097 1050 1145 Ob
1081 1097 1157 1144 has
1199 1100 1346 1147 causas
1378 1101 1558 1164 quidam

285 1173 509 1223 anicetum
534 1169 580 1215 id
607 1185 852 1216 vocavere.

347 1242 547 1293 LXXIII.
566 1241 925 1289 Laudatiflimum
943 1241 1004 1288 est
1019 1240 1244 1291 Creticum
1261 1281 1278 1303 ,
1301 1246 1559 1308 proximum

285 1317 563 1383 AEgyptium.
597 1316 700 1361 Hoc
729 1314 919 1377 ligustici
944 1314 1092 1362 vicem
1121 1317 1296 1379 praestat
1321 1319 1369 1364 in
1399 1320 1560 1366 condi-

282 1392 460 1442 mentis.
481 1389 683 1438 Dolores
705 1388 861 1451 capitis
879 1387 1003 1441 levat
1025 1389 1220 1437 suffitum
1240 1392 1432 1440 naribus.
1451 1393 1558 1456 Epi-

282 1468 437 1532 phoris
461 1465 703 1512 oculorum
733 1464 919 1509 Evenor
947 1463 1142 1510 radicem
1175 1463 1268 1527 ejus
1295 1465 1433 1512 tusam
1470 1467 1556 1512 im-

280 1540 443 1604 ponit:
469 1537 604 1585 Jollas
638 1535 782 1597 ipsum
813 1552 915 1581 cum
949 1553 1089 1582 croco
1120 1539 1213 1599 pari
1239 1540 1380 1585 modo
1405 1541 1455 1588 &
1483 1540 1556 1592 vi-

283 1628 346 1657 no
363 1646 375 1668 ,
399 1611 450 1656 &
477 1624 555 1671 per
582 1605 623 1652 se
650 1605 803 1651 tritum
834 1622 936 1651 cum
967 1606 1151 1667 polenta
1176 1608 1230 1652 ad
1258 1626 1438 1671 magnas
1467 1611 1555 1656 flu-

283 1685 447 1731 xiones
469 1717 482 1738 ,
513 1675 878 1739 extrahendisque
895 1712 909 1734 ,
938 1677 970 1723 fi
999 1695 1086 1740 qua
1117 1678 1163 1724 in
1190 1679 1354 1727 oculos
1383 1681 1553 1729 incide-

280 1757 386 1804 rint.
421 1752 610 1799 Narium
639 1766 825 1814 quoque
859 1748 1116 1796 carcinodes
1146 1751 1367 1798 consumit
1394 1753 1559 1798 illitum

281 1846 338 1879 ex
370 1842 498 1889 aqua.
534 1823 675 1875 Sedat¹
695 1821 876 1884 anginas
906 1839 1006 1868 cum
1041 1822 1170 1868 melle
1201 1824 1251 1868 &
1274 1823 1471 1886 hyssopo
1499 1839 1555 1870 ex

279 1911 410 1947 aceto
441 1895 775 1961 gargarizatum.
810 1893 1004 1940 Auribus
1024 1892 1274 1940 infunditur
1301 1912 1402 1941 cum
1433 1894 1553 1942 rosa-

280 1988 380 2019 ceo.
421 1967 646 2014 Thoracis
677 1965 855 2028 pituitas
886 1976 1046 2028 purgat
1078 1964 1272 2012 tostum:
1292 1982 1394 2012 cum
1424 1965 1552 2013 melle

280 2044 474 2089 sumtum
493 2039 664 2086 melius.
692 2037 811 2083 Cum
830 2036 1063 2083 acetabulo
1095 2036 1202 2083 anisi
1228 2055 1365 2085 nuces
1391 2054 1553 2097 amaras

281 2131 309 2163 L
338 2126 542 2178 purgatas
567 2127 659 2158 tere
684 2110 730 2156 in
754 2110 886 2156 melle
912 2110 968 2156 ad
994 2110 1155 2157 tufiim.
1185 2110 1409 2157 Facillime
1440 2127 1551 2158 vero

280 2188 389 2237 anifi
409 2187 635 2234 drachmae
655 2196 741 2231 tres
755 2221 769 2242 ,
789 2183 1027 2247 papaveris
1048 2184 1145 2229 duae
1168 2183 1406 2230 miscentur
1423 2183 1550 2230 melle

279 2264 337 2310 ad
364 2262 477 2308 fabae
494 2258 845 2323 magnitudinem
862 2295 876 2314 ‚
899 2259 947 2304 δέ
973 2256 1110 2303 ternis
1137 2255 1289 2303 diebus
1310 2256 1547 2303 sumuntur.

280 2336 561 2398 Praecipuum
593 2346 736 2380 autem
764 2332 824 2377 est
844 2332 896 2377 ad
916 2332 1090 2377 ructus:
1118 2330 1220 2377 ideo
1246 2330 1548 2377 inflationibus

281 2408 497 2478 stomachi
515 2443 530 2468 ,
551 2404 934 2455 &intestinorum
962 2404 1257 2464 torminibus,
1275 2405 1325 2452 &
1355 2401 1547 2452 coeliacis
