1653 2797
153 81 183 129 5
416 56 1213 111 C.PL1N115ECUND1

154 186 341 238 tumque
372 169 653 218 altitudinem
680 183 830 214 earum
866 166 1030 213 Ariciae
1068 165 1215 213 ferunt
1245 165 1435 231 legatum

154 249 271 312 regis
303 242 471 309 Pyrrhi
493 242 709 305 Cineam,
739 239 879 288 facete
906 238 1088 286 lusisse
1077 256 1124 285 m
1151 238 1438 288 austeriorem

155 321 329 385 gustum
366 316 490 373 vini,
519 315 683 361 merito
709 324 893 360 matrem
923 311 1016 374 ejus
1048 312 1285 375 pendere
1274 329 1322 358 m
1349 323 1441 362 tam

156 393 243 443 alta
271 404 419 438 cruce
465 386 770 433 Rumbotinus
797 395 1023 442 vocatur,
1051 386 1101 431 &
1132 384 1223 430 alio
1254 385 1442 431 nomine

155 465 352 529 populus
379 462 514 508 albor
543 460 679 508 ltaliae
704 459 872 505 Padum
896 457 1194 521 transgreffis,
1219 457 1345 519 cujus
1372 471 1443 506 ta-

154 540 306 587 bulata
333 537 380 583 in
408 536 566 583 orbem
592 533 741 596 patula
768 532 966 594 replent,
990 549 1197 595 puroque
1221 533 1443 594 perductae

157 613 355 660 dracone
385 609 432 655 in
463 608 654 672 palmam
683 605 802 663 eius,
828 605 932 651 inde
964 605 1013 650 in
1041 604 1265 652 subre&os
1293 623 1443 653 ramo-

156 695 258 732 rum'
280 685 444 747 digitos
465 682 636 745 flagella
664 680 932 743 dispergunt.
961 681 1138 726 Eaedem
1164 681 1333 732 modici
1353 682 1443 728 ho-

157 759 292 808 minis
310 756 546 804 altitudine
568 753 898 800 adminiculatae
928 751 1104 799 sudibus
1135 753 1350 812 horrent,
1371 756 1443 801 vi-

157 845 378 891 neamque
401 827 570 876 faciunt
592 843 602 870 :
633 827 683 871 ὃς
708 824 805 873 aliae
828 824 1042 886 improbo
1067 837 1241 888 reptatu
1270 827 1444 889 pampi-

158 917 416 963 norumque
447 896 769 959 superfluitate,
798 896 957 959 peritia
984 896 1158 943 domini
1186 899 1338 962 amplo
1358 899 1444 946 dis-

160 975 293 1022 cursu
323 974 430 1020 atria
459 971 601 1017 media
634 969 927 1033 complentes.
963 969 1058 1016 Tot
1079 969 1348 1018 differentias
1364 971 1442 1019 vel

159 1047 255 1094 sola
288 1060 463 1096 tantum
496 1043 618 1090 Italia
649 1043 823 1105 recipit.
857 1044 949 1089 Stat
981 1043 1322 1104 provinciarum
1358 1044 1443 1090 ali-

159 1134 351 1182 quarum
386 1135 466 1180 per
506 1115 548 1163 se
586 1115 694 1163 vitis
725 1115 815 1162 fine
850 1113 948 1161 ullo
989 1114 1292 1176 pedamento,
1321 1128 1442 1164 artus

160 1192 262 1239 suos
289 1191 336 1236 in
354 1190 395 1236 se
414 1189 630 1251 colligens
648 1224 662 1245 ‚
688 1189 737 1234 &
762 1187 983 1233 brevitate
1003 1186 1326 1234 crassitudinem
1348 1183 1441 1250 pas-

162 1280 283 1312 cens.
311 1264 479 1308 Vetant
509 1261 597 1306 hoc
627 1259 766 1306 aliubi
798 1259 955 1305 venti:
986 1259 1110 1304 utin
1142 1259 1293 1306 Africa
1321 1262 1372 1308 δε
1395 1262 1442 1308 in

162 1333 471 1383 Narbonenfis
496 1331 750 1394 provinciae
774 1329 989 1393 partibus.
1027 1329 1293 1377 Excrescere
1326 1332 1445 1380 ultra

163 1407 267 1455 suos
295 1405 485 1470 pollices
504 1403 772 1467 prohibstae,
793 1401 1050 1466 semperque
1069 1402 1295 1465 pastinatis
1326 1405 1443 1451 fimi-

161 1482 258 1539 les,
283 1479 524 1526 herbarum
558 1477 699 1523 modo
735 1488 954 1539 vagantur
987 1492 1065 1539 per
1097 1493 1239 1534 arva,
1260 1495 1310 1525 ac
1345 1480 1441 1526 suc-

163 1572 269 1603 cum
295 1566 427 1602 terrae
450 1551 602 1614 paffim
626 1550 730 1597 uvis
751 1549 936 1606 bibunt,
956 1566 1056 1612 quae
1077 1549 1138 1595 ob
1156 1550 1203 1596 id
1221 1551 1441 1613 magnitu-

162 1630 315 1675 dinem
334 1626 575 1686 infantium
594 1641 842 1688 puerorum
860 1624 906 1670 in
927 1624 1141 1671 interiore
1160 1623 1323 1672 Africae
1341 1643 1444 1688 par-

162 1711 206 1746 te
241 1697 520 1760 exsuperant.
572 1699 678 1745 Uva
715 1712 811 1741 non
843 1695 982 1742 aliubi
1016 1695 1182 1759 gratior
1214 1696 1359 1756 callo,
1388 1710 1440 1745 ut

162 1770 267 1822 inde
294 1768 429 1832 poffit
455 1767 670 1817 invenisse
705 1783 874 1814 nomen
904 1767 1127 1814 duracina.

230 1844 436 1904 Namque
457 1857 616 1904 genera
635 1839 939 1903 magnitudine
952 1875 969 1897 ,
989 1839 1169 1897 colore,
1187 1839 1440 1902 saporibus,

162 1916 303 1964 acinis
318 1915 569 1971 innumera,
582 1914 824 1961 etiamnum
838 1912 1194 1975 multiplicantur
1208 1914 1333 1961 vino.
1350 1916 1439 1963 Hic:

162 2003 397 2053 purpureo
415 1987 569 2034 lucent
589 1987 772 2045 colore,
789 1986 883 2032 illic
903 1985 1077 2049 fulgent
1095 1986 1227 2032 roseo
1243 2022 1257 2044 ,
1276 1987 1441 2033 nitent-

160 2078 248 2125 que
268 2061 418 2107 viridi.
441 2061 692 2109 Candicans
710 2059 829 2107 enim
847 2059 1059 2122 nigerque
1071 2095 1086 2117 ,
1105 2059 1325 2121 vulgares.
1342 2061 1441 2109 Tu-

160 2146 285 2183 ment
314 2149 425 2183 vero
458 2149 747 2178 mammarum
777 2131 918 2177 modo
949 2131 1150 2180 bumasti.
1193 2133 1440 2198 Praelongis

160 2207 330 2272 dactyli
365 2207 656 2269 porriguntur
692 2204 842 2253 acinis,
890 2204 964 2254 Est
997 2205 1071 2251 illa
1099 2218 1270 2252 naturae
1309 2206 1437 2255 lasci-

160 2279 238 2327 via
257 2314 270 2336 ‚
291 2291 342 2324 ut
368 2277 700 2341 praegrandibus
732 2277 982 2323 adhaereant
1011 2277 1172 2339 parvi,
1195 2278 1324 2324 mites
1341 2313 1357 2335 ,
1385 2279 1438 2330 δε,

161 2350 374 2398 suavitate
401 2360 640 2396 certantes:
669 2349 916 2412 leptoragas
942 2349 1018 2396 has
1041 2361 1226 2397 vocant.
1252 2350 1437 2400 Durant
