1653 2797
252 151 529 209 'NATUR
564 158 1247 207 H13<T0R..·L13.Xvii.
1324 159 1410 219 ιω)

124 269 224 317 bos.
248 270 422 318 Plantas
441 286 496 315 ex
519 265 759 314 seminario
778 267 1013 314 transferre
1033 267 1077 313 in
1097 267 1220 314 aiiue}
1234 303 1247 325 ,
1271 266 1410 330 prius-

124 361 259 407 quam
290 342 373 390 suo
410 342 518 387 loco
552 349 810 401 ponantur,
849 339 1038 400 operose
1073 340 1257 403 praecipi
1288 338 1409 385 arbi-

124 428 224 464 tror
243 453 256 476 ‚
275 417 381 464 licet
406 412 701 462 translatione
720 411 831 458 folia
849 412 1009 458 latiora
1030 412 1127 459 fieri
1150 414 1418 477 spondeant.⁴

187 492 292 537 XV.
323 483 567 535 Ulmorum
584 521 597 544 ,
619 485 875 549 priusquam
903 484 1026 531 foliis
1056 486 1325 544 vestiantur,
1344 485 1409 532 sa-

123 576 244 610 mara
278 561 531 625 colligenda
554 560 616 606 est
649 560 768 607 circa
785 559 968 606 Marti-as
990 559 1182 605 Kalend.
1204 577 1304 605 cum
1323 559 1422 605 fla-⁴

121 635 302 682 vescere
324 631 499 696 incipit.
520 632 699 679 Deinde
720 631 861 678 biduo
895 632 941 677 in
971 632 1128 678 umbra
1157 631 1316 677 siccata
1337 630 1405 676 se-

116 703 287 763 renda,
321 703 455 751 densa
485 705 531 749 in
561 703 753 750 refracto
773 740 787 762 ‚
825 716 943 749 terra
978 702 1107 766 super
1147 702 1404 749 minutatim

117 777 310 827 cribrata
330 815 346 836 ‚
368 777 651 824 craffitudine
685 794 785 840 quae
822 777 869 822 in
903 776 1127 837 cupreffis.
1157 775 1333 820 Pluviae
1370 775 1404 820 fi

116 868 213 898 non
240 849 458 913 adjuvent
477 885 491 908 ‚
521 849 770 913 rigandum.
810 847 1082 895 Deferendae
1113 865 1170 894 ex
1199 864 1402 894 arearum

116 924 247 973 venis
281 924 382 988 post
403 941 572 971 annum
605 924 652 969 in
681 923 897 980 ulmaria,
919 921 1165 968 intervallo
1189 922 1335 984 pedali
1353 922 1402 967 in

115 1015 343 1064 quamque
378 1010 565 1061 partem.
606 997 789 1044 Maritas
819 996 967 1042 uhnos
1005 1008 1225 1042 autumno
1259 995 1402 1042 serere

112 1073 292 1130 utilius,
324 1071 427 1134 quia
465 1081 616 1117 carent
651 1068 846 1116 semine:
877 1086 979 1115 nam
1006 1086 1068 1115 eae
1095 1086 1118 1115 e
1149 1069 1307 1132 plantis
1333 1068 1403 1115 se-

111 1141 288 1194 runtur.
318 1147 368 1191 In
399 1144 627 1191 arbustum
658 1143 971 1207 quinquennes
997 1141 1074 1188 sub
1099 1144 1224 1190 Urbe
1249 1154 1398 1189 trans-

111 1218 293 1276 ferunt,
331 1228 406 1263 aut
439 1215 520 1280 (ut
552 1215 813 1279 quibusdam
845 1215 1020 1279 placet)
1047 1233 1147 1279 quae
1181 1216 1400 1263 vicenum

111 1294 280 1357 pedum
306 1292 388 1340 effe
423 1303 675 1355 coeperunt.
712 1291 850 1338 Sulco
873 1328 886 1349 ‚
916 1293 997 1356 qui
1018 1291 1296 1339 novenarius
1325 1291 1397 1336 di-

113 1365 232 1413 citur
252 1401 266 1423 ‚
298 1363 532 1410 altitudine
562 1364 727 1426 pedum
757 1364 892 1409 trium
907 1399 920 1421 ,
939 1364 1036 1426 pari
1059 1363 1294 1409 latitudine
1312 1398 1326 1419 ,
1349 1363 1400 1410 &

110 1455 167 1485 eo
200 1437 391 1500 amplius
411 1472 425 1495 ,
461 1436 579 1483 circa
605 1436 768 1499 pofitas
785 1472 799 1494 ,
834 1436 967 1498 pedes
995 1435 1112 1481 terni
1143 1434 1346 1498 undique
1370 1450 1395 1480 e

108 1509 256 1565 solido
280 1510 613 1574 adaggerantur.
648 1509 807 1555 Arulas
832 1509 878 1554 id
910 1520 1083 1555 vocant
1118 1508 1164 1553 in
1195 1508 1395 1570 Campa-

108 1583 195 1630 nia.
232 1582 475 1628 Intervalla
502 1598 558 1627 ex
589 1581 682 1628 loci
720 1592 880 1627 natura
911 1580 1156 1627 sumuntur.
1180 1580 1394 1627 Rariores

106 1655 309 1702 serendas
343 1654 390 1700 in
411 1653 730 1716 campestribus
749 1654 984 1700 convenit.
1006 1655 1116 1716 Pon
1111 1654 1210 1700 ilos
1231 1655 1280 1700 &
1299 1652 1392 1699 fra·

86 1723 270 1786 ‘xinos,
299 1727 406 1791 quia
436 1725 712 1772 festinantius
742 1726 1024 1789 germinant,
1063 1725 1250 1800 disponi
1271 1742 1393 1788 quo-

106 1819 192 1866 que
227 1800 444 1847 maturius
470 1799 722 1858 convenit,
752 1799 843 1846 hoc
874 1799 966 1857 est,
999 1799 1054 1845 ab
1088 1786 1250 1844 Idibus
1264 1798 1392 1844 Febr.

105 1873 271 1938 plantis
303 1874 352 1920 &
384 1872 495 1935 ipsas
531 1872 770 1919 nascentes.
806 1874 856 1918 In
892 1871 1180 1933 disponcn(1s
1212 1870 1393 1917 arbori-

106 1949 189 1996 bus
206 1983 219 2005 ,
239 1945 511 2009 arbustisque
542 1963 594 1992 ac
616 1946 763 1992 vineis
780 1981 794 2000 ‚
821 1945 1148 2007 quincuncialis
1178 1944 1393 1990 ordinum

106 2021 224 2068 ratio
251 2020 434 2084 vulgata
459 2021 509 2066 &
532 2019 792 2078 necessaria,
811 2035 905 2064 non
922 2019 1111 2081 perflatu
1138 2019 1280 2066 niodo
1297 2017 1389 2064 uti-

108 2094 191 2150 lis,
222 2108 382 2140 verum
419 2093 468 2139 &
505 2090 680 2153 aspectu
715 2102 865 2154 grata,
901 2107 1090 2155 quoquo
1127 2092 1269 2137 niodo
1316 2090 1389 2136 in-

110 2179 293 2225 tueare,
343 2166 390 2212 in
419 2165 626 2212 ordinem
661 2163 703 2212 se
731 2165 992 2228 porrigente
1035 2164 1182 2211 versu.
1233 2165 1389 2227 Popu-

105 2242 158 2287 lis
182 2239 336 2286 eadem
358 2238 471 2284 ratio
499 2237 662 2284 semine
679 2275 692 2297 ‚
729 2255 816 2302 qua
841 2238 989 2284 ulmos
1017 2237 1209 2283 serendi:
1241 2250 1388 2283 trans-

103 2311 276 2361 ferendi
309 2328 491 2376 quoque
523 2329 547 2358 e
577 2311 820 2359 seminariis
855 2313 1007 2358 eadem
1038 2313 1086 2357 δέ
1107 2311 1242 2357 silvia

184 2387 310 2433 XVI.
345 2386 464 2431 Ante
497 2385 650 2432 omnia
679 2385 816 2450 igitur
849 2386 896 2432 in
935 2385 1120 2431 firnilem
1156 2381 1387 2429 transferri

103 2473 300 2520 terram,
330 2471 406 2510 aut
436 2459 671 2508 meliorem
709 2472 909 2524 oportet.
942 2461 1039 2506 Nec
1077 2476 1100 2505 e
1132 2457 1290 2521 tepidis
1311 2470 1386 2504 aut
