1653 2797
225 181 312 228 160
490 180 543 225 C.
595 177 849 224 PLINII
901 179 1268 228 SECUNDI

277 291 350 335 IV.
379 286 481 333 Alia
502 285 565 332 est
591 285 732 343 ratio,
760 303 893 348 quam
920 286 1146 335 Britannia
1173 290 1225 336 ὃς
1252 289 1399 337 Gallia
1417 288 1490 337 in·-

211 378 378 410 venere
412 358 559 407 alendi
592 375 689 405 eam
711 358 832 422 ipsa:
864 360 991 423 quod
1019 378 1157 425 genus
1177 374 1351 410 vocant
1371 381 1490 411 mar-

208 453 324 499 gam.
358 432 542 497 Spisfior
562 432 741 479 ubertas
769 433 817 479 in
846 450 897 479 ea
931 433 1207 498 intelligitur.
1238 434 1312 481 Est
1341 445 1490 482 autem

205 506 389 569 quidam
419 516 548 550 terrae
581 504 747 567 adeps,
787 521 838 551 ac
871 503 999 552 velut
1028 506 1201 570 glandia
1232 507 1278 553 in
1318 522 1490 571 corpo-

207 579 361 637 ribus,
398 578 461 624 ibi
492 576 700 623 densante
736 576 778 623 se
804 578 1129 641 pinguitudinis
1168 581 1347 628 nucleo,
1377 582 1489 627 Non

206 652 393 700 omisere
415 655 464 700 ὃ(
485 653 575 698 hoc
593 652 770 698 Graeci:
794 652 904 716 quid
931 652 1050 698 enim
1070 653 1338 702 intentatum
1367 654 1488 703 illis?

204 728 522 792 Leucargillon
563 740 736 774 vocant
771 727 1008 773 candidam
1048 727 1285 790 argillam,
1321 747 1410 793 qua
1437 732 1486 777 in

204 800 433 865 Megarico
465 816 575 863 agro
605 810 818 858 utuntur,
847 798 922 845 sed
940 811 1118 846 tantum
1137 799 1190 845 in
1203 799 1387 849 humida
1404 802 1484 850 fri-

202 875 391 939 gidaque
421 884 551 917 terra.

283 947 405 993 Illam
441 944 609 991 Gallias
637 943 972 1008 Britanniasque
1001 943 1352 1008 locupletantem
1381 963 1484 994 cum

201 1037 309 1068 cura
329 1018 418 1064 dici
437 1017 671 1064 convenit.
705 1018 818 1064 Duo
836 1010 999 1081 genera
1015 1017 1206 1064 fuerant.
1241 1017 1374 1064 Plura
1394 1036 1482 1065 nu-

199 1109 279 1155 per
295 1090 494 1137 exerceri
514 1103 663 1152 coepta
683 1088 1025 1152 proficientibus
1043 1090 1245 1153 ingeniis.
1271 1090 1345 1137 Est
1362 1093 1484 1139 enim

199 1166 328 1224 alba,
365 1162 492 1222 rufa,
526 1163 814 1221 columbina,
847 1161 1111 1226 argillacea‚
1139 1163 1346 1222 tofacea,
1384 1182 1485 1212 are-

198 1256 350 1286 nacea.
380 1240 549 1285 Natura
570 1238 735 1300 duplex
756 1256 766 1283 ε
801 1236 953 1299 aspera
970 1273 983 1295 ,
1005 1249 1082 1283 aut
1111 1237 1306 1301 pinguis.
1336 1240 1484 1303 Expe-

198 1314 390 1359 rimenta
411 1310 638 1375 utriusque
662 1310 709 1356 in
728 1326 882 1356 manus
900 1328 910 1356 :
946 1309 1134 1373 ususque
1163 1310 1389 1373 geminus,
1407 1323 1483 1358 aut

198 1398 248 1432 ut
267 1386 412 1449 fruges
430 1397 603 1431 tantum
626 1384 766 1442 alant,
789 1395 864 1430 aut
882 1383 1015 1430 edant
1034 1384 1084 1431 &
1106 1381 1337 1447 pabulum.
1366 1386 1481 1432 Fru-

194 1477 270 1524 ges
309 1460 388 1507 alit
426 1457 602 1505 tofacea
633 1457 758 1515 alba,
792 1474 893 1520 quae
930 1456 962 1502 si
991 1458 1042 1504 fit
1074 1457 1192 1503 inter
1227 1456 1378 1504 fontes
1404 1475 1479 1505 re-

191 1545 341 1596 perta,
369 1531 431 1578 est
465 1531 520 1577 ad
540 1528 766 1576 infinitiun
785 1529 966 1576 fertilis:
998 1545 1156 1577 verum
1178 1529 1328 1593 aspera
1356 1542 1478 1580 trac-

194 1620 313 1666 tatu,
347 1609 397 1655 δε
415 1606 447 1652 si
477 1604 615 1651 nimia
645 1603 805 1665 injeffli
835 1603 926 1662 est,
952 1605 1100 1650 exurit
1127 1605 1285 1653 solum.
1313 1607 1478 1653 Proxi-

194 1697 267 1727 ma
282 1679 342 1725 est
359 1677 459 1724 rufa
472 1715 486 1735 ,
503 1694 602 1741 quae
621 1689 815 1723 vocatur
832 1691 1157 1740 acaunumarga
1172 1712 1186 1734 ‚
1207 1677 1475 1725 intermixto

192 1756 340 1820 lapide
372 1765 502 1799 terrae
536 1752 720 1798 minutae
739 1786 754 1808 ,
774 1750 986 1798 arenosa
1017 1752 1148 1813 Lapis
1176 1750 1474 1799 contunditur

192 1830 241 1877 in
274 1827 370 1891 ipso
407 1842 596 1888 campo:
627 1823 867 1887 primisque
899 1823 1024 1870 annis
1055 1822 1211 1886 stipula
1236 1823 1475 1870 difficulter

193 1903 415 1958 caeditur,
453 1911 640 1963 propter
671 1898 853 1962 lapides,
893 1898 1127 1961 Impendio
1161 1910 1310 1945 tamen
1337 1898 1473 1945 mini-

191 1993 269 2024 mo
298 1975 480 2024 levitate
497 2010 510 2032 ‚
541 1972 729 2020 dimidio
758 1972 948 2019 minoris
975 1989 1109 2035 quam
1140 1984 1319 2031 ceterae,
1338 1972 1471 2020 inve·

192 2048 326 2094 liitur.
367 2045 633 2109 Inspergitur
666 2062 790 2091 rara:
837 2043 920 2090 sale
956 2061 1053 2091 eam
1094 2044 1269 2092 misceri
1300 2055 1472 2124 putant.

192 2125 446 2184 Utrumque
478 2120 566 2166 hoc
600 2136 737 2182 genus
772 2118 904 2165 semel
934 2117 1146 2181 injectum
1181 2119 1227 2163 in
1250 2118 1475 2181 quinqua-

189 2195 313 2259 ginta
342 2210 485 2240 annos
513 2192 658 2250 valet,
697 2195 745 2239 δε
781 2191 960 2256 frugum
991 2193 1042 2238 ὅτ.
1076 2191 1229 2253 pabuli
1255 2190 1472 2236 ubertate

253 2269 369 2327 Quae
400 2266 586 2330 pingues
619 2229 702 2310 eise
737 2264 1016 2322 sentiuntur,
1050 2281 1106 2309 ex
1142 2254 1208 2310 his
1245 2262 1469 2326 praecipua

188 2342 297 2388 a.lba
336 2342 466 2388 Plura
494 2339 636 2402 ejusU
611 2355 782 2386 venera.
814 2338 1071 2385 Mordaciff
1057 2355 1221 2397 mum
1246 2338 1372 2402 quod
1394 2335 1466 2382 su·-

188 2431 266 2476 pra
298 2413 505 2460 diximus.
529 2411 734 2457 Alterum
761 2429 896 2475 genus
925 2411 1036 2457 albae
1063 2424 1194 2458 cretae
1219 2408 1467 2474 argentaria

190 2487 265 2532 est.
297 2489 464 2533 Petitur
496 2503 552 2532 ex
585 2485 710 2544 alto,
740 2486 788 2531 in
826 2498 1040 2532 centenos
1072 2485 1207 2548 pedes
1236 2483 1340 2531 aitis
1370 2483 1466 2545 ple·-
